1894 3188
148 447 248 493 AEli‚
267 449 429 484 vetusto

145 501 325 550 AEquam
344 503 548 537 memento

147 554 283 592 Altera
295 553 380 603 jam
399 552 536 590 teritur

147 607 372 659 Angustam
391 601 520 643 amice

148 661 216 706 At,
236 672 260 698 o
282 661 447 697 deorum

148 710 367 758 Audivere,
387 712 501 762 Lyce

147 766 357 806 Bacchum
376 766 418 802 in
437 763 598 803 remotis

149 820 300 859 Beatus
319 819 385 856 ille

153 873 267 912 Coelo
288 872 449 921 supinas

153 926 269 965 Coelo
292 930 499 963 tonantem

154 980 236 1018 Cur
254 991 319 1017 me
340 978 509 1028 querelis
580 1005 588 1014 .

152 1033 314 1072 Delicta
335 1031 528 1081 majorum

153 1086 372 1125 Descende
399 1084 501 1122 coelo
582 1113 590 1121 .

153 1140 328 1179 Dianam
347 1142 492 1176 tenerae

154 1189 363 1244 Diffugere
383 1191 498 1229 nives

156 1246 279 1291 Dive‚
302 1257 423 1295 quem
442 1243 571 1293 proles

155 1299 272 1338 Divis
293 1304 377 1336 orte
397 1297 513 1335 bonis

155 1353 360 1391 Donarem
378 1355 533 1400 pateras
587 1379 594 1388 .

156 1405 278 1444 Eheu
299 1406 306 1442 !
337 1403 502 1455 fugaces

157 1459 234 1498 Est
253 1458 350 1496 mihi
369 1469 522 1494 nonum
586 1485 595 1493 .

158 1512 215 1551 Et
234 1512 349 1550 thure
370 1515 410 1548 et
429 1505 574 1547 fidibus
651 1500 677 1547 Τ
705 1485 714 1494 .

159 1564 293 1616 Exegi
313 1567 618 1601 monumentum

158 1618 314 1662 Faune,
333 1615 614 1666 Nympharum

159 1671 284 1710 Festo
306 1670 400 1720 quid
419 1664 555 1718 potius
576 1669 639 1706 die
709 1695 718 1704 .

160 1724 350 1763 Herculis
371 1722 445 1761 ritu
537 1751 545 1759 .

160 1777 334 1817 Horrida
352 1779 570 1824 tempestas

162 1831 245 1870 Ibis
266 1829 450 1868 Liburnis

163 1884 250 1923 Icci
267 1883 394 1920 beatis
473 1910 481 1919 .

164 1937 239 1975 Ille
260 1941 301 1974 et
319 1934 474 1979 nefasto
538 1964 549 1974 .

165 1990 316 2040 Impios
336 2001 454 2038 parrae

168 2044 371 2082 Inclusam
391 2039 562 2080 Danaen

166 2096 334 2136 Intactis
355 2095 577 2144 opulentior

166 2151 331 2201 Integer
350 2149 439 2187 vitae

166 2203 258 2242 Jam
271 2203 356 2253 jam
375 2200 530 2239 efficaci
594 2229 604 2238 .

166 2256 192 2294 J
195 2269 259 2294 am
278 2267 403 2304 pauca
424 2258 546 2292 aratro

167 2309 260 2347 Jam
279 2304 378 2347 satis
397 2308 506 2346 terris

168 2362 260 2400 Jam
278 2361 382 2400 veris
402 2361 570 2399 comites

170 2416 332 2454 Justum
355 2426 402 2452 ac
422 2419 609 2453 tenacem

171 2468 412 2507 Laudabunt
430 2467 494 2505 alii
545 2495 555 2505 .

173 2521 299 2571 Lupis
319 2525 360 2559 et
381 2521 493 2572 agnis

174 2574 317 2624 Lydia,
336 2574 401 2611 dic
421 2586 490 2623 per
509 2585 649 2611 omnes

173 2626 380 2666 Maece-nas
401 2627 525 2665 atavis
604 2654 612 2663 .

175 2675 288 2718 Mala
307 2680 435 2717 soluta

175 2732 331 2771 Martiis
351 2732 501 2770 coelebs

177 2785 367 2830 Mercuri,
383 2783 554 2824 facunde

179 2837 370 2881 Mercuri,
390 2849 483 2875 nam
501 2843 542 2876 te
606 2868 616 2877 .

178 2890 383 2930 Montium
403 2895 539 2928 custos

179 2943 342 2982 Motum
361 2954 413 2980 ex
434 2943 602 2982 Metello

181 2996 313 3035 Musis
333 2995 485 3033 amicus
559 3024 570 3034 .

182 3049 300 3089 Natis
318 3049 359 3086 in
385 3060 501 3086 usum

762 527 772 536 ’
845 550 931 590 ΧΠ

767 633 932 696 ’.Ιν

773 1644 783 1652 ’
830 1697 839 1705 .
880 1667 943 1705 111

777 1750 785 1758 ’
844 1773 946 1812 xlv

719 2442 727 2451 ’
786 2495 794 2504 .
839 2441 955 2504 'vm

791 2707 959 2770 ’.Π

795 2813 962 2875 ’.Π

901 110 1008 159 254

404 230 840 271 ALPHABETICAL
868 231 1055 271 INDEX
1082 232 1154 272 TO
1183 232 1301 273 THE
1331 233 1495 282 ODES,

145 315 438 345 EXHIBITING
468 315 565 341 THE
598 315 733 341 FIRST
760 314 918 341 WORDS
953 315 1008 340 OF
1037 315 1182 350 EACH,
1209 315 1307 342 ,ΛΝΒ
1336 316 1437 343 THE
1464 316 1671 343 NUMBER
1699 316 1757 343 OF

198 369 293 396 THE
324 368 508 395 STANZA
535 367 808 396 ACCORDING
835 368 891 394 ΤΟ
912 368 1080 397 WHICH
1100 369 1230 397 EACH
1249 370 1290 395 IS
1311 370 1368 397 ΤΟ
1389 370 1449 397 BE
1470 370 1702 398 SCANNED.

800 444 882 483 No.
910 443 930 482 Ι

911 498 931 535 Ι

913 604 931 642 Ι

872 710 932 749 VI

820 764 932 802 .I

875 816 935 854 IV

826 1485 834 1494 ’
877 1510 941 1547 ΠΙ

861 1561 942 1600 v11

781 2071 949 2133 ’.ΙΙΙ

875 2625 957 2663 VII

900 2678 959 2717 IV

918 2784 960 2823 ΙΙ

921 2890 962 2928 II

974 445 1040 484 Ne
1059 446 1160 485 forte
1181 446 1318 484 credas

976 499 1092 538 Nolis
1111 500 1230 551 longa
1248 498 1341 537 ferae
1401 527 1411 537 .

976 553 1074 590 Non
1093 553 1204 598 ebur,
1223 565 1357 602 neque
1377 564 1539 591 aureum

977 606 1072 644 Non
1091 618 1248 656 semper
1265 606 1410 644 imbres

977 659 1073 697 Non
1092 655 1242 698 usitata

978 712 1155 759 Nullam,
1174 713 1293 758 Vare,
1313 706 1426 750 sacra

977 765 1122 804 Nullus
1143 771 1306 816 argento

978 818 1100 857 Nunc
1120 824 1182 857 est
1201 819 1417 857 bibendum

980 871 1013 909 O
1036 872 1205 910 crudelis
1225 872 1356 910 adhuc

980 925 1014 963 O
1036 926 1140 970 diva,
1156 930 1309 975 gratum

981 978 1014 1016 Ο
1035 978 1124 1016 fons
1139 979 1352 1017 Bandusiae

981 1031 1014 1069 O
1036 1037 1158 1070 matre
1178 1028 1345 1081 pulchra,
1404 1060 1413 1069 .

983 1085 1016 1122 O
1037 1089 1129 1123 nata
1148 1097 1308 1123 mecum
1356 1114 1365 1123 .

983 1138 1016 1176 Ο
1038 1139 1165 1184 navis,
1185 1138 1356 1177 referent
1407 1166 1418 1176 .

984 1191 1017 1229 O
1039 1188 1145 1241 saepe
1167 1204 1328 1230 mecum

985 1245 1018 1282 O
1038 1245 1193 1291 Venus,
1214 1246 1348 1297 regina
1410 1274 1419 1283 .

985 1298 1061 1336 Odi
1081 1297 1287 1348 profanum
1361 1327 1370 1336 .

987 1351 1124 1390 Otium
1145 1353 1258 1390 divos

985 1405 1133 1443 Parcus
1152 1406 1316 1443 deorum

986 1458 1166 1496 Parentis
1186 1459 1279 1496 olim

988 1511 1126 1549 Pastor
1145 1524 1267 1560 quum
1287 1511 1457 1549 traheret

987 1564 1170 1601 Persicos
1189 1565 1268 1609 odi,
1289 1576 1387 1613 puer

988 1617 1156 1662 Phoebe,
1176 1617 1442 1666 silvarumque

989 1669 1165 1707 Phoebus
1185 1670 1389 1708 volentem

990 1723 1202 1760 Pindarum
1222 1723 1399 1772 quisquis
1481 1751 1490 1760 .

990 1776 1210 1820 Poscimur,
1231 1777 1263 1812 si
1285 1777 1378 1825 quid
1418 1804 1426 1813 .

991 1830 1089 1874 Quae
1111 1841 1203 1866 cura
1216 1828 1378 1867 l‘atrum

992 1882 1160 1927 Qualem
1180 1882 1403 1920 ministrum

993 1936 1161 1980 Quando
1185 1930 1388 1984 repostum

993 1983 1198 2034 Quantum
1221 1989 1340 2026 distet
1359 1989 1407 2026 ab
1428 1964 1579 2026 Inacho
1606 1963 1615 1972 ⁶

994 2043 1125 2086 Quem
1145 2046 1202 2086 tu,
1222 2041 1482 2091 Melpomene

994 2095 1125 2140 Quem
1144 2095 1272 2132 virum
1292 2100 1360 2133 aut
1377 2095 1499 2133 heroa
1538 2122 1548 2132 .

995 2148 1099 2194 Quid
1118 2148 1332 2186 bellicosus
1486 2176 1495 2185 .

996 2202 1101 2246 Quid
1120 2201 1347 2239 dedicatum
1422 2229 1431 2239 .

996 2255 1102 2300 Quid
1120 2255 1376 2292 immerentes

997 2307 1096 2353 Quis
1116 2307 1309 2345 desiderio

998 2355 1089 2407 Quo
1110 2372 1189 2405 me,
1210 2359 1371 2398 Bacche

999 2410 1106 2459 Quo,
1128 2409 1207 2462 quo
1228 2414 1388 2452 scelesti
1407 2413 1516 2452 ruitis

999 2462 1170 2505 Rectius
1189 2467 1303 2504 vives
1373 2494 1381 2503 .

1001 2519 1190 2558 Scriberis
1209 2519 1328 2557 Vario

1002 2572 1183 2622 Septimi,
1200 2572 1332 2611 Gades

1003 2626 1069 2664 Sic
1089 2631 1128 2663 te
1149 2626 1240 2663 diva
1257 2630 1401 2675 potens

1005 2679 1178 2716 Solvitur
1197 2679 1295 2716 acris
1314 2679 1443 2716 hiems
1495 2705 1504 2714 .

1003 2732 1062 2769 Te
1083 2731 1198 2768 maris
1219 2737 1260 2769 et
1279 2736 1388 2769 terrae
1431 2759 1440 2768 .

1004 2785 1067 2822 Tu
1086 2796 1137 2822 ne
1156 2784 1356 2833 quaesieris

1005 2837 1210 2887 Tyrrhena
1228 2849 1366 2888 regum
1431 2864 1442 2875 .

1006 2890 1138 2928 Velox
1158 2901 1359 2928 amoeuum

1006 2943 1132 2980 Vides
1151 2947 1196 2981 ut
1214 2938 1295 2981 alta

1008 2996 1098 3033 Vile
1118 2995 1271 3045 potabis

1009 3048 1104 3087 Vixi
1123 3048 1278 3086 choreis

1587 579 1599 591 .
1641 527 1757 591 ‘XVI

1590 687 1598 697 ⁰
1644 740 1653 749 .
1695 711 1760 750 lx

1644 847 1760 910 ’IX

1644 954 1762 1016 'vr

1595 1114 1763 1176 ’.Ἦ

1598 1220 1764 1283 ’.Π

1599 1326 1765 1389 ’.Π

1595 1539 1657 1601 ’.
1711 1561 1768 1614 211

1654 1698 1769 1760 '11

1601 1751 1771 1814 ’.ΙΙ

1605 1857 1773 1920 ’.·Ι

1608 2229 1777 2292 ,Ἰν

1661 2305 1776 2344 .v

1613 2493 1778 2555 ’.ν

1543 2599 1779 2661 .’.ΠΙ

1613 2675 1781 2714 .xv

1671 2969 1786 3030 '11

1588 474 1598 483 .
1637 445 1755 486 N0.1

1717 498 1757 537 V

1736 606 1756 643 I

1737 659 1757 697 I

1716 765 1759 803 II

1740 818 1761 856 I

1740 925 1760 962 I

1738 1031 1759 1069 I

1742 1084 1762 1122 Ι

1745 1191 1766 1229 I
1800 1192 1803 1195 .

1744 1298 1764 1335 Ι

1745 1404 1765 1441 Ι

1651 1456 1766 1494 .IV

1729 1510 1768 1547 V

1725 1616 1769 1655 II

1747 1670 1766 1707 I

1750 1829 1770 1866 I

1713 1934 1773 1973 IV

1658 2016 1667 2025 .
1708 1987 1773 2026 III

1708 2041 1774 2079 III

1607 2070 1775 2133 ’.Π

1755 2147 1774 2185 Ι

1755 2200 1775 2239 Ι

1712 2358 1777 2397 III

1611 2388 1619 2398 ”
1663 2411 1779 2450 .·1v

1735 2464 1778 2502 ΙΙ

1737 2569 1780 2607 II

1675 2728 1782 2767 VIII

1720 2781 1784 2819 IX

1618 2811 1783 2873 ’.Ι

1762 2887 1782 2925 I

1767 2940 1785 2977 I

1770 3044 1789 3082 Ι
