1894 3188
107 100 250 177 ¹28

715 99 765 146 Q.
794 97 1034 138 HORATII
1062 99 1267 139 FLACCI

572 277 747 443 ᾗ
799 309 940 357 ODE
975 309 1171 356 XXXI.

814 494 880 525 AD
917 495 1152 527 SODALES.

441 647 489 695 N
494 664 592 696 UNc
618 656 690 696 est
714 648 990 706 bibendum,
1017 663 1149 694 nune
1174 648 1295 711 pede
1319 647 1470 694 libero

438 732 680 780 Pulsanda
703 732 843 780 tellus
865 751 874 791 3
912 749 1044 780 nune
1070 731 1333 780 Saliaribus

506 817 694 865 Ornare
718 818 936 880 pulvinar
961 818 1159 864 deorum

568 902 785 965 Tempus
809 910 911 949 erat
935 902 1151 964 dapibus,
1179 900 1379 948 sodales,

440 987 667 1034 Antehac
691 987 826 1034 nefas
852 987 1131 1048 depromere
1157 985 1424 1032 Caeoubum

441 1071 591 1118 Cellis
616 1070 767 1130 avitis,
796 1071 910 1117 dum
936 1070 1173 1132 Capitolio

373 1167 387 1224 μ’
408 1211 417 1222 ,h
430 1155 695 1221 47134Regina
719 1155 969 1202 dementes
993 1154 1172 1210 ruinas,

566 1239 734 1286 Funus
754 1247 802 1286 et
826 1239 1025 1301 imperio
1049 1239 1267 1301 parabat,

438 1323 782 1371 Contaminato
807 1339 917 1370 eum
943 1339 1089 1385 grege
1114 1323 1321 1385 turpium

432 1406 606 1456 Morbo
628 1407 850 1466 virorum,
873 1407 1105 1469 quidlibet
1128 1407 1364 1469 impotens

497 1493 718 1555 Sperare‚
745 1492 1024 1553 fortunaque
1050 1492 1180 1538 dulei

566 1575 726 1622 Ebria.
799 1575 894 1622 Sed
919 1574 1093 1621 minuit
1118 1575 1322 1622 furorem

434 1660 531 1708 Vix
553 1676 651 1707 una
675 1676 838 1722 sospes
862 1659 996 1705 navis
1023 1659 1082 1705 ab
1108 1659 1328 1721 ignibus:

434 1745 748 1805 Mentemque
773 1744 1063 1805 lymphatam
1089 1742 1355 1791 Mareotico

500 1828 714 1890 Redegit
738 1828 787 1874 in
813 1844 947 1874 veros
971 1827 1166 1874 timores

563 1911 741 1970 Caesar,
768 1912 827 1958 ab
852 1911 990 1957 Italia
1019 1911 1257 1958 volantem

436 1996 607 2042 Remis
633 1997 888 2058 adurgens,
917 1995 1144 2057 accipiter
1168 1995 1297 2041 velut

433 2080 609 2127 Molles
633 2079 893 2138 columbas,
921 2087 1001 2125 aut
1024 2079 1232 2140 leporem
1259 2078 1382 2125 citus

496 2165 709 2211 Venator
735 2164 784 2210 in
810 2163 990 2225 eampis
1014 2163 1184 2209 nivalis

562 2247 848 2306 Haemoniae‚
875 2247 1009 2293 daret
1033 2255 1084 2293 ut
1112 2246 1296 2293 eatenis

435 2330 600 2378 Fatale
625 2339 888 2377 monstrum
911 2347 921 2375 ε
958 2346 1062 2392 quae
1088 2329 1371 2392 generosius

435 2414 596 2461 Perire
625 2430 858 2476 quaerens,
884 2430 976 2460 nee
1001 2414 1293 2460 muliebriter

500 2497 701 2560 Expavit
727 2514 906 2555 ensem,
933 2513 1024 2543 nee
1048 2497 1251 2543 latentes

561 2582 727 2628 Classe
753 2581 847 2627 cita
872 2580 1106 2642 reparavit
1129 2597 1263 2627 oras:

437 2665 574 2712 Ausa
598 2673 645 2712 et
665 2665 907 2728 jacentem
933 2665 1085 2711 visere
1111 2664 1291 2726 regiam

435 2749 585 2796 Vultu
610 2765 793 2808 sereno,
821 2748 952 2796 sortis
976 2756 1020 2795 et
1048 2764 1241 2810 asperas

500 2833 736 2880 Tractare
762 2841 1022 2895 serpenteS‚
1050 2839 1101 2878 ut
1126 2842 1278 2878 atrum

568 2916 776 2980 Corpore
801 2916 1095 2964 combiberet
1118 2931 1354 2962 venenum
1377 2933 1388 2973 ;

1724 1409 1782 1454 lo
