1894 3188
202 103 264 151 12

730 98 781 145 Q.
810 97 1047 137 HORATII
1073 97 1107 136 F
1109 97 1277 137 LACCI

524 224 588 273 Et
610 223 786 279 minax,
811 239 922 270 nam
945 222 1015 270 sic
1037 222 1245 280 voluere,
1268 231 1413 287 ponto

749 307 891 355 Unda
912 307 1160 361 recumbt.
1471 371 1476 372 V

524 391 787 440 Romulum
810 399 915 454 post
938 391 1023 438 hos
1045 390 1190 454 prius,
1216 407 1275 438 an
1299 391 1509 454 quietum

521 475 724 538 Pompili
748 491 949 538 regnum
973 491 1245 531 memorem,
1271 491 1331 522 an
1355 475 1580 539 superbos

518 559 754 623 Tarquini
781 560 948 622 fasces,
973 559 1151 616 dubito,
1177 575 1240 607 an
1265 559 1461 608 Catonis

748 644 921 691 Nobile
946 644 1106 690 letum.

518 727 781 791 Regulum,
808 736 855 774 et
880 728 1100 782 Scauros,
1127 726 1388 789 animaeque
1411 741 1594 791 magnae

515 810 773 874 Prodigum
798 811 1013 867 Paulum,
1040 819 1293 873 superante
1317 810 1479 870 Poeno,

517 893 693 942 Gratus
716 895 893 957 insigni
917 895 1117 942 referam
1142 893 1386 953 camoena,

742 978 1122 1040 Fabriciumque.

514 1060 677 1116 Hunc,
703 1069 750 1107 et
773 1060 1025 1122 incomptis
1050 1060 1249 1107 Curium
1273 1059 1470 1124 capillis,

510 1143 687 1192 Utilem
712 1144 834 1191 bello
859 1144 977 1202 tulit,
1003 1151 1050 1190 et
1076 1144 1344 1204 Camillum,

511 1229 648 1276 Saeva
669 1237 933 1292 paupertas,
960 1236 1007 1274 et
1032 1229 1181 1274 avitus
1213 1237 1320 1291 apto

736 1312 860 1358 Cum
883 1312 980 1357 lare
1006 1311 1195 1358 fundus.

509 1395 696 1443 Crescit
721 1395 909 1441 occulto
933 1394 1059 1440 velut
1084 1395 1218 1442 arbor
1243 1410 1340 1442 aevo

508 1480 658 1531 Fama
682 1478 899 1525 Marcelli
921 1494 929 1524 :
967 1478 1111 1524 micat
1135 1478 1257 1524 inter
1281 1493 1445 1525 omnes

507 1563 687 1610 ,Iulium
713 1563 856 1621 sidus,
883 1561 1010 1608 velut
1033 1561 1153 1607 inter
1179 1561 1314 1624 ignes

732 1647 871 1693 Luna
895 1645 1116 1692 minores

505 1730 673 1778 Gentis
697 1730 914 1776 humanae
939 1737 1068 1791 pater
1094 1737 1231 1790 atque
1257 1736 1428 1788 custos,

501 1813 619 1862 Orte
645 1815 865 1869 Saturno,
891 1813 975 1859 tibi
1000 1829 1114 1859 cura
1136 1812 1297 1874 magni

504 1897 706 1946 Caesaris
731 1898 837 1945 fatis
861 1897 969 1943 data
989 1914 999 1954 ς
1037 1907 1087 1942 tu
1112 1896 1322 1943 secundo

728 1980 920 2026 Caesare
943 1995 1128 2041 regnes.

501 2065 603 2123 Ille,
628 2080 712 2111 seu
737 2063 933 2109 Parthos
958 2062 1095 2108 Latio
1120 2062 1420 2110 imminentes

499 2147 665 2213 Egerit
685 2147 811 2210 justo
835 2145 1036 2193 domitos
1068 2145 1318 2207 triumpho,

498 2233 612 2281 Sive
636 2231 873 2293 subjectos
898 2229 1112 2275 Orientis
1135 2245 1228 2275 orae

724 2316 864 2361 Seras
888 2321 936 2359 et
960 2313 1120 2372 Indos,

497 2399 574 2447 Te
598 2399 750 2445 minor
774 2397 919 2443 latum
944 2406 1078 2458 reget
1103 2412 1263 2458 aequus
1285 2396 1449 2444 orbem
1469 2413 1480 2442 ε

495 2482 576 2530 Tu
601 2482 729 2545 gravi
754 2495 895 2526 curru
920 2479 1102 2539 quaties
1127 2479 1382 2541 Olympum
1403 2497 1414 2538 ;

496 2565 578 2614 Tu
600 2565 766 2628 parum
791 2561 933 2608 castis
957 2561 1153 2607 inimica
1176 2561 1333 2608 mittes

721 2645 941 2694 Fulmina
969 2643 1102 2690 lucis.

1716 561 1782 609 35

1709 978 1773 1025 40

1699 1813 1764 1860 50
