1894 3188
157 128 263 176 208
655 168 659 171 ,
691 126 741 172 Q.
772 125 1013 167 HORATII
1050 127 1255 167 FLACCI

228 250 354 297 Cum
379 251 526 298 servis
551 252 734 299 urbana
758 253 909 300 diaria
931 254 1098 301 rodere
1122 255 1302 313 mavis3

226 335 413 382 Horum
437 344 489 383 tu
513 336 563 383 in
587 353 841 384 numerum
865 347 973 385 voto
996 338 1109 385 ruis.
1137 341 1140 344 ’
1178 338 1367 386 Invidet
1390 355 1530 386 usum
1701 341 1767 387 40

224 419 487 482 Lignorum
506 430 553 467 et
577 422 764 484 pecoris
783 422 869 469 tibi
894 423 999 469 calo
1023 431 1217 486 argutus
1242 432 1289 471 et
1312 423 1449 470 horti.

223 501 374 565 Optat
397 504 621 566 ephippia
644 506 729 552 bos
753 506 886 569 piger
908 524 921 564 3
957 516 1086 570 optat
1111 523 1243 554 arare
1274 506 1500 554 caballus.

222 586 387 638 Quam
412 588 504 635 scit
526 598 741 652 uterque,
766 590 937 651 libens,
963 592 1186 648 censebo,
1212 600 1435 638 exerceat
1465 599 1630 638 artem.

712 1007 1054 1055 EPISTOLA
1089 1008 1204 1056 XV.

668 1157 733 1188 AD
759 1158 1038 1190 NUMONIUM
1062 1158 1247 1189 VALAM.

215 1272 369 1324 QUAE
397 1274 460 1322 sit
484 1275 637 1321 hiems
657 1275 826 1332 Veliae,
852 1277 977 1338 quod
1002 1277 1192 1332 coelum,
1219 1276 1358 1332 Vala,
1386 1277 1590 1332 Salerni,

215 1357 439 1408 Quorum
465 1359 713 1406 hominum
738 1360 887 1423 regio,
913 1370 961 1407 et
984 1361 1137 1423 qualis
1159 1361 1261 1407 via:
1303 1359 1439 1424 (narn
1462 1361 1580 1407 mihi
1616 1358 1759 1406 Baias

216 1440 363 1488 Musa
387 1459 706 1504 supervacuas
743 1445 998 1504 Antonius,
1025 1454 1072 1492 et
1091 1458 1250 1491 tamen
1271 1445 1364 1491 illis

217 1523 300 1572 Me
326 1527 441 1573 facit
465 1527 692 1586 invisum3
711 1528 868 1589 gelida
893 1545 1038 1590 quum
1062 1529 1252 1589 perluor
1276 1529 1406 1574 und&

1723 1612 1757 1657 (Ν

215 1609 306 1656 Per
331 1610 542 1656 medium
567 1611 716 1673 frigus
737 1628 748 1656 ε
786 1612 899 1657 sane
927 1621 1127 1673 myrteta
1151 1612 1371 1673 relinqui,

216 1694 454 1756 Dictaque
482 1704 751 1741 cessantem
776 1696 933 1741 nervis
957 1696 1134 1742 elidere
1159 1697 1376 1742 morbum

218 1778 456 1841 Sulphura
479 1780 742 1834 contemni,
768 1779 902 1825 vicus
926 1780 1089 1841 gemit,
1117 1780 1305 1826 invidus
1329 1779 1468 1841 aegris

215 1862 319 1914 Qui
343 1872 488 1927 caput
512 1872 560 1909 et
584 1863 882 1909 stomachum
909 1879 1173 1925 supponere
1199 1863 1408 1910 fontibus
1433 1864 1610 1910 audent

215 1947 444 2003 Clusinis,
466 1947 740 2008 Gabiosque
765 1956 933 2009 petunt
957 1956 1005 1993 et
1029 1947 1200 2010 frigida
1218 1964 1328 1994 rura
1348 1965 1359 1992 ε

213 2031 481 2079 Mutandus
505 2031 639 2078 locus
663 2040 748 2090 est,
775 2040 822 2077 et
846 2031 1104 2078 diversoria
1128 2040 1241 2077 nota
1692 2030 1754 2076 Π)

215 2116 614 2179 Praeteragendus
649 2132 832 2177 equus:
883 2124 913 2144 “
933 2113 1050 2166 Quo
1075 2116 1272 2162 tendis?
1309 2132 1405 2162 non
1431 2115 1547 2162 mihi
1572 2115 1757 2161 Cumas

214 2200 302 2248 Est
326 2202 431 2260 iter,
455 2209 537 2248 aut
560 2200 752 2259 Baias,’'
777 2201 894 2246 laeva
919 2201 1247 2246 stomachosus
1271 2200 1455 2246 haben&

215 2285 359 2333 Dicet
383 2301 527 2347 eques
549 2301 559 2330 ε
597 2285 680 2331 sed
705 2285 838 2346 equis
858 2284 1054 2331 fraenato
1079 2294 1151 2331 est
1175 2284 1300 2330 auris
1325 2284 1374 2330 in
1399 2299 1481 2330 ore
1503 2285 1539 2347 z}

215 2369 370 2433 Major
395 2378 552 2416 utrum
578 2369 803 2431 populum
830 2369 1053 2415 frumenti
1079 2369 1215 2430 copia
1239 2377 1430 2430 pascat3

219 2455 525 2502 Collectosne
546 2454 713 2500 bibant
741 2454 932 2509 imbres,
958 2464 1192 2515 puteosne
1214 2469 1449 2515 perennes
1692 2452 1755 2497 15

217 2539 355 2602 Jugis
379 2555 540 2600 aquae:
580 2539 713 2601 (nam
739 2539 848 2584 vina
872 2538 990 2584 nihil
1017 2554 1169 2584 moror
1194 2538 1320 2584 illius
1344 2553 1436 2583 orae
1458 2553 1471 2581 t

217 2623 353 2670 Rure
378 2640 485 2670 meo
508 2639 700 2685 possum
725 2623 910 2684 quidvis
934 2622 1141 2685 perferre
1166 2622 1355 2685 patique
1377 2637 1390 2677 3

217 2708 297 2754 Ad
321 2723 449 2754 mare
475 2724 619 2769 quum
645 2706 770 2762 veni,
797 2722 1084 2769 generosum
1110 2715 1157 2752 et
1180 2706 1288 2752 lene
1312 2704 1516 2765 requiro,

217 2791 367 2843 Quod
393 2808 532 2838 curas
556 2792 731 2854 abigat,
757 2791 882 2852 quod
903 2807 1014 2837 cum
1035 2807 1116 2852 spe
1142 2789 1286 2836 divite
1305 2797 1469 2834 manet

214 2875 274 2923 In
299 2890 444 2921 venas
469 2875 774 2936 animumque
799 2890 976 2930 meum,
1002 2874 1127 2935 quod
1151 2873 1296 2919 verba
1319 2871 1595 2933 ministret.)
1684 2869 1752 2915 ‘20

214 2946 424 3007 Tractus
448 2967 553 3005 uter
577 2959 736 3020 plures
759 2959 958 3020 lepores,
984 2966 1088 3004 uter
1113 2956 1286 3003 educet
1310 2971 1446 3017 apros
1465 2971 1477 3012 ;

214 3044 332 3093 Utra
354 3041 506 3106 magis
529 3042 686 3105 pisces
709 3051 757 3089 et
780 3042 979 3089 echinos
1003 3056 1190 3102 aequora
1214 3039 1398 3096 celent3
