1894 3188
174 119 242 174 46

707 124 760 170 Q·
789 124 1027 165 HORATII
1054 126 1258 168 FLACCI

701 249 968 314 Pauperem
999 251 1255 315 laboribus,

442 333 653 383 Vocatus
678 343 818 398 atque
843 351 939 384 non
964 347 1173 399 Vocatus,
1199 339 1346 388 audit.

815 793 955 843 ODE
995 794 1138 845 XVI.

803 978 859 1009 IN
895 978 1149 1012 BACCHUM.

434 1129 682 1179 BAccflmu
707 1130 759 1195 in
782 1131 976 1179 remotis
999 1132 1214 1180 carmina
1237 1134 1433 1198 rupibus

436 1215 550 1264 Vidi
576 1216 830 1263 docentem
857 1215 1079 1277 (credite,
1099 1219 1317 1285 posteri),

497 1299 841 1362 Nymphasque
866 1300 1124 1357 discentes,
1150 1310 1199 1349 et
1222 1318 1361 1350 aures

562 1382 886 1446 Capripedum
911 1384 1189 1446 Satyrorum
1213 1394 1393 1433 acutas.

433 1465 565 1514 Evoe
586 1464 596 1511 !
633 1467 818 1514 recenti
842 1483 981 1514 mens
1004 1468 1208 1530 trepidat
1230 1478 1377 1528 metu,

432 1532 675 1612 Plenoque
698 1548 881 1597 Bacchi
903 1557 1096 1612 pectore
1119 1551 1360 1598 turbiddm

496 1632 707 1682 Laetatur
730 1632 739 1680 !
777 1632 908 1681 Evoe
930 1632 940 1679 2
977 1649 1138 1696 parce,
1165 1635 1337 1683 Liber!

559 1717 724 1777 Parce,
750 1717 883 1781 gravi
905 1719 1163 1767 metuende
1187 1719 1348 1782 thyrso
1370 1720 1379 1765 !

430 1800 526 1849 Fas
548 1801 824 1865 pervicaces
847 1810 920 1849 est
944 1802 1062 1850 mihi
1087 1802 1352 1865 Thyiadas,

431 1885 641 1948 Vinique
665 1885 859 1946 sontem,
884 1887 1022 1934 lactis
1045 1895 1093 1934 et
1116 1888 1288 1935 uberes

492 1968 705 2017 Cantare
728 1970 867 2030 rivos,
893 1979 1033 2033 atque
1063 1972 1247 2018 truncis

557 2053 716 2117 Lapsa
737 2054 867 2102 cavis
890 2054 1064 2102 iterare
1088 2055 1243 2102 mella.

427 2136 526 2185 Fas
549 2145 598 2185 et
621 2137 772 2186 beatae
797 2138 1016 2202 conjugis
1041 2139 1256 2186 additum

427 2221 589 2268 Stellis
614 2222 860 2278 honorem,
887 2230 1107 2285 tectaque
1132 2223 1336 2271 Penthei·

492 2304 710 2368 Disjecta
732 2322 830 2354 non
853 2306 950 2353 leni
975 2306 1133 2363 ruina,

555 2389 768 2438 Thracis
792 2399 840 2437 et
862 2389 1062 2437 exitium
1086 2391 1312 2454 Lycurgi.

427 2471 509 2520 Tu
534 2472 688 2521 flectis
713 2490 892 2534 amnes,
918 2484 970 2522 tu
995 2491 1126 2522 mare
1150 2476 1402 2523 barbarum
1426 2493 1435 2521 ε

427 2556 510 2604 Tu
533 2558 767 2620 separatis
791 2558 961 2605 uvidus
985 2559 1035 2605 in
1055 2559 1185 2621 jugis

490 2640 634 2689 Nodo
657 2645 854 2689 coerces
877 2642 1091 2705 viperino

555 2723 858 2773 Bistonidum
883 2725 986 2773 sine
1011 2725 1176 2772 fraude
1202 2726 1360 2773 crines
1382 2744 1391 2771 :

427 2807 526 2864 Tu,
551 2824 699 2870 quum
721 2809 932 2872 parentis
955 2825 1105 2872 regna
1126 2825 1211 2872 per
1235 2810 1436 2859 arduum

427 2891 616 2940 Cohors
640 2892 904 2956 Gigantum
929 2894 1182 2941 scanderet
1214 2893 1373 2956 impia,

490 2975 726 3025 Rhoetum
751 2976 982 3024 retorsisti
1004 2976 1156 3024 leonis

560 3058 814 3125 Unguibus
838 3060 1146 3123 horribilique
1170 3059 1323 3116 ma153

1720 345 1785 392 40

1714 1891 1770 1936 10

1705 2726 1771 2772 20
