1894 3188
587 85 900 126 CARMINUM
926 84 1033 126 LIB.
1063 84 1136 125 IV.

345 212 475 268 Non,
500 211 540 259 si
562 211 742 274 priores
766 211 1007 260 Maeonius
1030 217 1163 258 tenet

342 296 494 344 Sedes
520 295 775 354 Homerus,
803 293 1069 343 Pindaricae
1093 294 1255 353 latent,

401 379 623 441 Ceaeque,
649 388 698 427 et
723 379 876 427 Alcaei
901 379 1130 437 minaceS,

465 463 822 526 Stesichorique
846 478 1016 526 graves
1040 461 1312 510 Camoenae:

334 545 459 603 Nec,
485 547 525 594 si
549 547 662 609 quid
685 546 798 594 olim
822 546 936 594 lusit
959 546 1234 605 Anacreon,

334 628 522 677 Delevit
546 639 659 678 aetas
680 646 691 676 ε
728 629 876 693 spirat
899 630 1058 677 adhuc
1082 644 1229 686 amor,

393 713 669 777 Vivuntque
694 713 936 761 commissi
967 714 1152 762 calores

462 798 634 845 AEoliae
658 798 832 845 fidibus
855 797 1042 861 puellae.

331 880 444 928 Non
468 882 568 929 sola
591 890 805 945 comptos
830 882 944 929 arsit
968 881 1171 929 adulteri

334 965 519 1026 Crines,
545 975 593 1014 et
616 983 783 1014 aurum
807 967 1017 1014 vestibus
1040 966 1212 1014 illitum

396 1049 590 1107 Mirata‚
615 1051 894 1114 regalesque
919 1051 1091 1111 cultus,

460 1134 524 1181 Et
548 1135 763 1194 comites,
791 1135 979 1182 Helene
1004 1135 1238 1183 Lacaena:

329 1218 574 1265 Primusve
599 1219 795 1266 Teucer
820 1220 914 1266 tela
939 1219 1160 1281 Cydonio

327 1301 514 1350 Direxit
538 1319 652 1350 arcu
673 1319 685 1349 ι
722 1319 819 1350 non
844 1303 991 1350 semel
1016 1303 1133 1350 Ilios

391 1387 604 1435 Vexata:
640 1404 737 1435 non
761 1387 991 1450 pugnavit
1014 1387 1186 1450 ingens

456 1471 746 1519 Idomeneus
771 1471 1087 1518 Sthenelusve
1112 1470 1239 1518 solus

325 1555 547 1604 Dicenda
571 1555 726 1603 Musis
748 1556 916 1619 proelia
938 1573 947 1601 :
984 1572 1081 1603 non
1107 1555 1238 1603 ferox

325 1640 524 1696 Hector,
549 1640 622 1687 vel
647 1656 757 1687 acer
782 1639 1063 1703 Deiphobus
1087 1655 1254 1703 graves

388 1724 592 1787 Excepit
616 1724 740 1771 ictus
764 1740 849 1787 pro
872 1724 1061 1787 pudicis

450 1808 752 1872 Conjugibus
775 1808 1029 1871 puerisque
1053 1807 1249 1870 primus.

320 1891 499 1939 Vixere
525 1892 667 1940 fortes
692 1901 802 1939 ante
832 1892 1200 1955 Agamemnona

245 1994 248 2001 ·
319 1975 492 2023 Multi:
529 1977 612 2023 sed
636 1992 803 2023 omnes
835 1975 1201 2038 illacrymabiles

381 2059 637 2123 Urgentur,
663 2059 924 2123 ignotique,
949 2060 1093 2122 longa

448 2143 621 2202 Nocte,
648 2151 812 2190 carent
835 2143 945 2204 quia
969 2152 1074 2190 vate
1098 2157 1246 2190 sacro.

319 2227 522 2275 Paulum
548 2227 742 2291 sepultae
767 2227 912 2274 distat
935 2226 1118 2273 inertiae

316 2312 486 2360 Celata
509 2312 670 2360 virtuS.
737 2311 852 2359 Non
877 2327 966 2374 ego
990 2319 1036 2358 te
1062 2310 1180 2358 meis

384 2396 576 2443 Chartis
600 2395 872 2443 inornatum
898 2395 1062 2454 silebo,

445 2480 601 2528 Totve
625 2488 731 2527 tuos
753 2478 904 2543 patiar
928 2479 1114 2526 labores

315 2563 536 2628 Impune,
561 2564 700 2621 Lolli,
726 2580 920 2626 carpere
945 2563 1113 2610 lividas

313 2646 608 2694 Obliviones.
679 2646 766 2693 Est
791 2645 980 2692 animus
1005 2644 1091 2691 tibi

378 2730 657 2792 Rerumque
680 2730 905 2793 prudens,
932 2738 980 2775 et
1004 2727 1230 2775 secundis

443 2814 763 2877 Temporibus
788 2813 1039 2874 dubiisque
1064 2820 1222 2859 rectus
1244 2828 1257 2869 3

314 2898 503 2946 Vindex
527 2915 680 2946 avarae
706 2897 898 2956 fraudis,
925 2905 973 2943 et
997 2896 1243 2943 abstinens

309 2981 545 3031 Ducentis
570 2983 629 3030 ad
654 2998 704 3030 se
729 2990 906 3030 cuncta
928 2980 1178 3043 pecuniae3

1610 89 1671 138 91

1613 630 1673 677 10

1608 1050 1668 1097 15

1601 1471 1667 1519 20

1595 1890 1662 1938 25

1592 2311 1657 2358 30
