1894 3188
668 85 903 137 EPODON
938 85 1124 124 LIBER.
1605 91 1691 136 lOl

286 210 387 258 Aut
410 226 573 274 pressa
596 211 728 272 puris
751 210 894 258 mella
917 210 1081 258 condit
1105 209 1344 272 amphoris
1366 227 1376 268 ς
1639 211 1700 257 15

516 294 618 340 Aut
641 294 806 341 tondet
830 294 1041 341 infirmas
1064 309 1177 340 oves
1199 309 1212 351 3

285 375 391 436 Vel,
417 392 562 439 quum
588 378 1036 452 decorumssmitqibus
1060 376 1213 439 pomis
1238 388 1382 440 caput

515 462 792 508 Autumnus
817 444 939 520 αξξ-ἴε
963 461 1147 517 extulit,

282 546 347 594 Ut
369 545 547 610 gaudet
571 545 764 592 insitiva
787 546 1053 610 decerpens
1076 561 1208 607 pyra,

513 628 794 676 Certantem
819 637 867 675 et
890 645 1030 675 uvam
1057 643 1296 691 purpurae,
1630 628 1695 675 20

279 711 394 764 Qua}
417 721 694 759 muneretur
719 721 781 768 te,
809 712 997 774 Priape,
1023 720 1072 759 et
1094 721 1158 769 te,
1183 721 1317 775 pater

513 796 721 855 Silvane,
746 804 873 842 tutor
897 796 1065 842 finium
1088 795 1096 842 !

279 880 423 929 Libet
442 881 604 945 Jacere
630 879 773 927 mod&
798 881 890 927 sub
916 880 1111 942 antiqu&
1135 880 1262 937 ilice,

511 962 660 1012 Mod&
686 964 735 1010 in
760 964 920 1011 tenaci
945 964 1176 1027 gramine.

280 1050 529 1098 Labuntur
556 1049 661 1096 altis
687 1049 878 1095 interim
903 1048 1017 1111 ripis
1042 1065 1174 1111 aquae
1196 1065 1209 1106 3
1627 1049 1691 1094 25

509 1133 797 1183 Queruntur
822 1132 871 1179 in
896 1132 1025 1179 silvis
1049 1149 1159 1179 aves
1180 1148 1193 1189 ς

236 1264 240 1267 .
279 1217 552 1279 Fontesque
578 1217 783 1278 lymphis
808 1217 1089 1279 obstrepunt
1112 1217 1447 1275 manantibus,

510 1301 716 1347 Somnos
740 1301 864 1362 quod
890 1300 1059 1347 invitet
1082 1301 1225 1348 leves.

277 1385 360 1441 At,
386 1400 533 1447 quum
558 1383 768 1431 tonantis
793 1401 948 1431 annus
973 1385 1202 1432 hibernus
1226 1384 1359 1433 Jovis

508 1468 694 1515 Imbres
718 1468 944 1531 nivesque
970 1477 1230 1532 comparat,
1624 1470 1689 1517 30

272 1553 374 1601 Aut
396 1553 544 1601 trudit
569 1569 704 1600 acres
729 1553 843 1600 hinc
868 1562 915 1600 et
941 1554 1055 1601 hinc
1079 1554 1228 1601 mult&
1252 1570 1374 1602 cane

504 1637 662 1701 Apros
687 1637 737 1685 in
761 1638 1004 1685 obstantes
1035 1638 1222 1702 plagas,

271 1722 373 1770 Aut
396 1721 540 1769 ar'nite
564 1722 656 1769 levi
681 1715 787 1769 rara
809 1723 965 1770 tendit
988 1723 1125 1779 retia,

504 1806 686 1854 Turdis
710 1807 940 1854 edacibus
965 1807 1097 1855 dolos
1118 1824 1129 1866 ;

270 1889 594 1951 Pavidumque
615 1890 840 1952 leporem,
862 1898 909 1937 et
930 1891 1169 1938 advenam
1187 1890 1358 1953 laqueo
1375 1905 1559 1953 gruem,
1618 1893 1682 1939 35

504 1973 534 2020 J
539 1974 731 2020 ucunda
754 1982 917 2036 captat
942 1975 1153 2037 praemia.

269 2056 399 2109 Quis
423 2073 519 2104 non
545 2057 797 2113 malarum,
823 2073 940 2119 quas
965 2073 1095 2105 amor
1120 2074 1260 2106 curas
1279 2058 1437 2118 habet,

503 2141 626 2187 Haec
650 2141 774 2194 inter
796 2141 1091 2188 obliviscitur
1113 2143 1131 2187 ἵ

269 2223 422 2277 Qubd
446 2225 485 2272 si
509 2225 686 2288 pudica
710 2225 880 2272 mulier
904 2225 955 2272 in
979 2234 1165 2288 partem
1184 2226 1357 2290 juvans

501 2308 711 2356 Domum
737 2317 876 2372 atque
902 2310 1069 2357 dulces
1092 2310 1283 2367 liberos,
1619 2314 1681 2360 40

268 2393 450 2442 Sabina
473 2394 642 2456 qualis,
670 2403 751 2441 aut
774 2402 968 2457 perusta
992 2395 1171 2442 solibus

498 2469 718 2526 Pernicis
742 2495 860 2526 uxor
885 2479 1080 2542 Appuli‚

266 2562 473 2611 Sacrum
498 2564 695 2610 vetustis
719 2572 932 2612 exstruat
955 2564 1099 2627 lignis
1124 2564 1283 2612 focum

497 2648 636 2696 Lassi
660 2649 749 2696 sub
774 2649 1031 2696 adventum
1056 2649 1161 2706 viri,

1621 2004 1625 2042 ἰ

198 2777 201 2789 ,,
264 2732 602 2795 claudensque
627 2733 769 2803 textis
794 2733 1004 2797 cratibus
1028 2734 1189 2781 laeturn
1213 2750 1363 2798 pecus
1614 2735 1679 2781 45

182 2953 208 2981 ‘x

496 2817 721 2865 Distenta
745 2818 897 2888 siccet
920 2818 1086 2875 ubera,

182 2888 198 2950 ξ’
260 2899 325 2949 Et
347 2900 500 2950 horna
523 2902 654 2972 dulci
678 2903 789 2949 vina
811 2918 1036 2965 promens
1061 2904 1187 2971 doli9

492 2985 656 3049 Dapes
681 2987 919 3050 inemptas
944 2996 1138 3052 apparet
1159 3005 1170 3035 ε

591 3070 654 3118 9*
