<?xml version="1.0" encoding="UTF-8"?>
<!DOCTYPE html PUBLIC "-//W3C//DTD XHTML 1.0 Transitional//EN"
    "http://www.w3.org/TR/xhtml1/DTD/xhtml1-transitional.dtd">
<html xmlns="http://www.w3.org/1999/xhtml" xml:lang="en" lang="en">
 <head>
  <title>
</title>
<meta http-equiv="Content-Type" content="text/html;charset=utf-8" />
  <meta name='ocr-system' content='tesseract 3.04.00' />
  <meta name='ocr-capabilities' content='ocr_page ocr_carea ocr_par ocr_line ocrx_word'/>
</head>
<body>
  <div class='ocr_page' id='page_1' title='image "./quintihoratiifla1928hora_0076.png"; bbox 0 0 1894 3188; ppageno 0'>
   <div class='ocr_carea' id='block_1_1' title="bbox 148 134 214 183">
    <p class='ocr_par' dir='ltr' id='par_1_1' title="bbox 148 134 214 183">
     <span class='ocr_line' id='line_1_1' title="bbox 148 134 214 183; baseline 0.015 -1"><span class='ocrx_word' id='word_1_1' title='bbox 148 134 214 183; x_wconf 81' lang='lat'><strong>66</strong></span> 
     </span>
    </p>
   </div>
   <div class='ocr_carea' id='block_1_2' title="bbox 701 123 1256 175">
    <p class='ocr_par' dir='ltr' id='par_1_2' title="bbox 701 123 1256 175">
     <span class='ocr_line' id='line_1_2' title="bbox 701 123 1256 175; baseline -0.009 -7"><span class='ocrx_word' id='word_1_2' title='bbox 701 127 752 175; x_wconf 84' lang='lat' dir='ltr'><strong>Q.</strong></span> <span class='ocrx_word' id='word_1_3' title='bbox 781 126 1021 167; x_wconf 87' lang='lat' dir='ltr'>HORATII</span> <span class='ocrx_word' id='word_1_4' title='bbox 1048 124 1192 165; x_wconf 86' lang='lat' dir='ltr'><strong>FLAC</strong></span> <span class='ocrx_word' id='word_1_5' title='bbox 1199 123 1256 164; x_wconf 92' lang='lat' dir='ltr'><strong>CI</strong></span> 
     </span>
    </p>
   </div>
   <div class='ocr_carea' id='block_1_3' title="bbox 409 253 1445 1241">
    <p class='ocr_par' dir='ltr' id='par_1_3' title="bbox 409 253 1445 1241">
     <span class='ocr_line' id='line_1_3' title="bbox 415 253 1276 316; baseline -0.006 -14"><span class='ocrx_word' id='word_1_6' title='bbox 415 255 632 302; x_wconf 79' lang='lat' dir='ltr'><strong>Auctore</strong></span> <span class='ocrx_word' id='word_1_7' title='bbox 658 254 718 301; x_wconf 86' lang='lat' dir='ltr'><strong>ab</strong></span> <span class='ocrx_word' id='word_1_8' title='bbox 742 254 823 302; x_wconf 92' lang='lat' dir='ltr'><strong>illo</strong></span> <span class='ocrx_word' id='word_1_9' title='bbox 847 253 983 300; x_wconf 80' lang='lat' dir='ltr'><strong>ducit</strong></span> <span class='ocrx_word' id='word_1_10' title='bbox 1005 253 1241 316; x_wconf 81' lang='lat' dir='ltr'>originem</span> <span class='ocrx_word' id='word_1_11' title='bbox 1262 266 1276 307; x_wconf 79' lang='grc' dir='ltr'><strong>ς</strong></span> 
     </span>
     <span class='ocr_line' id='line_1_4' title="bbox 411 336 1247 391; baseline -0.008 -2"><span class='ocrx_word' id='word_1_12' title='bbox 411 338 517 391; x_wconf 79' lang='lat' dir='ltr'><strong>Qui</strong></span> <span class='ocrx_word' id='word_1_13' title='bbox 541 338 844 386; x_wconf 84' lang='lat' dir='ltr'><strong>Formiarum</strong></span> <span class='ocrx_word' id='word_1_14' title='bbox 868 337 1046 385; x_wconf 83' lang='lat' dir='ltr'><strong>moenia</strong></span> <span class='ocrx_word' id='word_1_15' title='bbox 1069 336 1247 383; x_wconf 82' lang='lat' dir='ltr'><strong>dicitur</strong></span> 
     </span>
     <span class='ocr_line' id='line_1_5' title="bbox 476 419 1299 486; baseline -0.007 -15"><span class='ocrx_word' id='word_1_16' title='bbox 476 424 726 486; x_wconf 80' lang='lat' dir='ltr'>Princeps,</span> <span class='ocrx_word' id='word_1_17' title='bbox 752 431 801 469; x_wconf 91' lang='lat' dir='ltr'><strong>et</strong></span> <span class='ocrx_word' id='word_1_18' title='bbox 823 421 1074 468; x_wconf 87' lang='lat' dir='ltr'><strong>innantem</strong></span> <span class='ocrx_word' id='word_1_19' title='bbox 1098 419 1299 467; x_wconf 84' lang='lat' dir='ltr'><strong>Marioae</strong></span> 
     </span>
     <span class='ocr_line' id='line_1_6' title="bbox 539 503 1231 562; baseline -0.007 -7"><span class='ocrx_word' id='word_1_20' title='bbox 539 506 804 555; x_wconf 89' lang='lat' dir='ltr'><strong>Littoribus</strong></span> <span class='ocrx_word' id='word_1_21' title='bbox 827 505 1041 552; x_wconf 90' lang='lat' dir='ltr'><strong>tenuisse</strong></span> <span class='ocrx_word' id='word_1_22' title='bbox 1066 503 1231 562; x_wconf 89' lang='lat' dir='ltr'><strong>Lirim,</strong></span> 
     </span>
     <span class='ocr_line' id='line_1_7' title="bbox 411 587 1342 655; baseline -0.008 -15"><span class='ocrx_word' id='word_1_23' title='bbox 411 589 535 640; x_wconf 74' lang='lat' dir='ltr'><strong>Late</strong></span> <span class='ocrx_word' id='word_1_24' title='bbox 560 592 818 655; x_wconf 83' lang='lat' dir='ltr'><strong>tyrannus)</strong></span> <span class='ocrx_word' id='word_1_25' title='bbox 841 605 854 646; x_wconf 82' lang='lat'><em>3</em></span> <span class='ocrx_word' id='word_1_26' title='bbox 892 605 999 636; x_wconf 82' lang='lat' dir='ltr'><strong>oras</strong></span> <span class='ocrx_word' id='word_1_27' title='bbox 1023 587 1147 636; x_wconf 88' lang='lat' dir='ltr'><strong>soliis</strong></span> <span class='ocrx_word' id='word_1_28' title='bbox 1170 602 1342 635; x_wconf 91' lang='lat' dir='ltr'><strong>nemus</strong></span> 
     </span>
     <span class='ocr_line' id='line_1_8' title="bbox 409 672 1132 737; baseline -0.007 -14"><span class='ocrx_word' id='word_1_29' title='bbox 409 675 583 724; x_wconf 89' lang='lat' dir='ltr'><strong>Multis</strong></span> <span class='ocrx_word' id='word_1_30' title='bbox 607 684 655 722; x_wconf 91' lang='lat' dir='ltr'><strong>et</strong></span> <span class='ocrx_word' id='word_1_31' title='bbox 679 674 789 737; x_wconf 70' lang='lat' dir='ltr'><strong>alga</strong></span> <span class='ocrx_word' id='word_1_32' title='bbox 811 673 947 720; x_wconf 89' lang='lat' dir='ltr'><strong>littus</strong></span> <span class='ocrx_word' id='word_1_33' title='bbox 971 672 1132 719; x_wconf 92' lang='lat' dir='ltr'><strong>inutili</strong></span> 
     </span>
     <span class='ocr_line' id='line_1_9' title="bbox 474 757 1217 821; baseline -0.004 -14"><span class='ocrx_word' id='word_1_34' title='bbox 474 759 698 807; x_wconf 87' lang='lat' dir='ltr'><strong>Demissa</strong></span> <span class='ocrx_word' id='word_1_35' title='bbox 721 766 978 821; x_wconf 78' lang='lat' dir='ltr'><strong>tempestas</strong></span> <span class='ocrx_word' id='word_1_36' title='bbox 1002 757 1061 805; x_wconf 83' lang='lat' dir='ltr'><strong>ab</strong></span> <span class='ocrx_word' id='word_1_37' title='bbox 1085 757 1217 804; x_wconf 90' lang='lat' dir='ltr'><strong>Euro</strong></span> 
     </span>
     <span class='ocr_line' id='line_1_10' title="bbox 543 841 1362 905; baseline -0.005 -15"><span class='ocrx_word' id='word_1_38' title='bbox 543 844 753 899; x_wconf 79' lang='lat' dir='ltr'><strong>Sternet,</strong></span> <span class='ocrx_word' id='word_1_39' title='bbox 780 859 913 905; x_wconf 84' lang='lat' dir='ltr'><strong>aquae</strong></span> <span class='ocrx_word' id='word_1_40' title='bbox 937 842 1031 889; x_wconf 91' lang='lat' dir='ltr'><strong>nisi</strong></span> <span class='ocrx_word' id='word_1_41' title='bbox 1056 841 1175 888; x_wconf 88' lang='lat' dir='ltr'><strong>fallit</strong></span> <span class='ocrx_word' id='word_1_42' title='bbox 1211 855 1362 903; x_wconf 85' lang='lat' dir='ltr'><strong>augur</strong></span> 
     </span>
     <span class='ocr_line' id='line_1_11' title="bbox 410 923 1404 988; baseline -0.008 -12"><span class='ocrx_word' id='word_1_43' title='bbox 410 929 613 976; x_wconf 80' lang='lat' dir='ltr'><strong>Annosa</strong></span> <span class='ocrx_word' id='word_1_44' title='bbox 637 927 820 984; x_wconf 79' lang='lat' dir='ltr'><strong>cornix.</strong></span> <span class='ocrx_word' id='word_1_45' title='bbox 891 926 1021 974; x_wconf 90' lang='lat' dir='ltr'><strong>Dum</strong></span> <span class='ocrx_word' id='word_1_46' title='bbox 1044 933 1193 988; x_wconf 78' lang='lat' dir='ltr'><strong>poteS,</strong></span> <span class='ocrx_word' id='word_1_47' title='bbox 1219 923 1404 970; x_wconf 87' lang='lat' dir='ltr'><strong>aridum</strong></span> 
     </span>
     <span class='ocr_line' id='line_1_12' title="bbox 409 1007 1435 1075; baseline -0.009 -14"><span class='ocrx_word' id='word_1_48' title='bbox 409 1013 658 1075; x_wconf 88' lang='lat' dir='ltr'><strong>Compone</strong></span> <span class='ocrx_word' id='word_1_49' title='bbox 677 1011 863 1074; x_wconf 84' lang='lat' dir='ltr'><strong>lignum</strong></span> <span class='ocrx_word' id='word_1_50' title='bbox 884 1027 895 1056; x_wconf 73' lang='grc' dir='ltr'><strong>ι</strong></span> <span class='ocrx_word' id='word_1_51' title='bbox 933 1026 1040 1057; x_wconf 86' lang='lat' dir='ltr'><strong>oras</strong></span> <span class='ocrx_word' id='word_1_52' title='bbox 1063 1007 1274 1056; x_wconf 88' lang='lat' dir='ltr'><strong>Genium</strong></span> <span class='ocrx_word' id='word_1_53' title='bbox 1298 1021 1435 1053; x_wconf 90' lang='lat' dir='ltr'><strong>mero</strong></span> 
     </span>
     <span class='ocr_line' id='line_1_13' title="bbox 474 1089 1445 1158; baseline -0.009 -13"><span class='ocrx_word' id='word_1_54' title='bbox 474 1096 697 1151; x_wconf 80' lang='lat' dir='ltr'><strong>CurabiS,</strong></span> <span class='ocrx_word' id='word_1_55' title='bbox 724 1104 773 1142; x_wconf 94' lang='lat' dir='ltr'><strong>et</strong></span> <span class='ocrx_word' id='word_1_56' title='bbox 795 1110 941 1158; x_wconf 78' lang='lat' dir='ltr'><strong>porco</strong></span> <span class='ocrx_word' id='word_1_57' title='bbox 965 1091 1198 1148; x_wconf 83' lang='lat' dir='ltr'><strong>bimestri,</strong></span> <span class='ocrx_word' id='word_1_58' title='bbox 1440 1089 1445 1097; x_wconf 70' lang='grc'><strong>“’</strong></span> 
     </span>
     <span class='ocr_line' id='line_1_14' title="bbox 542 1175 1313 1241; baseline -0.009 -12"><span class='ocrx_word' id='word_1_59' title='bbox 542 1180 669 1228; x_wconf 90' lang='lat' dir='ltr'><strong>Cum</strong></span> <span class='ocrx_word' id='word_1_60' title='bbox 694 1178 885 1227; x_wconf 86' lang='lat' dir='ltr'><strong>famulis</strong></span> <span class='ocrx_word' id='word_1_61' title='bbox 909 1193 1107 1241; x_wconf 90' lang='lat' dir='ltr'><strong>operum</strong></span> <span class='ocrx_word' id='word_1_62' title='bbox 1132 1175 1313 1224; x_wconf 72' lang='lat' dir='ltr'><strong>solutis·</strong></span> 
     </span>
    </p>
   </div>
   <div class='ocr_carea' id='block_1_4' title="bbox 625 1510 1115 1559">
    <p class='ocr_par' dir='ltr' id='par_1_4' title="bbox 625 1510 1115 1559">
     <span class='ocr_line' id='line_1_15' title="bbox 625 1510 1115 1559; baseline -0.01 2"><span class='ocrx_word' id='word_1_63' title='bbox 625 1534 649 1540; x_wconf 57' lang='lat'><strong>⁴</strong></span> <span class='ocrx_word' id='word_1_64' title='bbox 774 1511 915 1559; x_wconf 90' lang='lat' dir='ltr'><strong>ODE</strong></span> <span class='ocrx_word' id='word_1_65' title='bbox 964 1510 1115 1557; x_wconf 88' lang='lat' dir='ltr'>XIII.</span> 
     </span>
    </p>
   </div>
   <div class='ocr_carea' id='block_1_5' title="bbox 782 1660 1110 1692">
    <p class='ocr_par' dir='ltr' id='par_1_5' title="bbox 782 1660 1110 1692">
     <span class='ocr_line' id='line_1_16' title="bbox 782 1660 1110 1692; baseline -0.006 -1"><span class='ocrx_word' id='word_1_66' title='bbox 782 1661 847 1692; x_wconf 94' lang='lat' dir='ltr'><strong>AD</strong></span> <span class='ocrx_word' id='word_1_67' title='bbox 884 1660 1110 1692; x_wconf 84' lang='lat' dir='ltr'><strong>FAUNUM.</strong></span> 
     </span>
    </p>
   </div>
   <div class='ocr_carea' id='block_1_6' title="bbox 408 1775 1488 1841">
    <p class='ocr_par' dir='ltr' id='par_1_6' title="bbox 408 1775 1488 1841">
     <span class='ocr_line' id='line_1_17' title="bbox 408 1775 1488 1841; baseline -0.006 -12"><span class='ocrx_word' id='word_1_68' title='bbox 408 1781 606 1837; x_wconf 79' lang='lat' dir='ltr'><strong>FAUNE‚</strong></span> <span class='ocrx_word' id='word_1_69' title='bbox 631 1779 965 1841; x_wconf 82' lang='lat' dir='ltr'><strong>Nympharum</strong></span> <span class='ocrx_word' id='word_1_70' title='bbox 992 1775 1259 1840; x_wconf 73' lang='lat' dir='ltr'><strong>fugientum</strong></span> <span class='ocrx_word' id='word_1_71' title='bbox 1292 1784 1488 1831; x_wconf 84' lang='lat' dir='ltr'><strong>amator,</strong></span> 
     </span>
    </p>
   </div>
   <div class='ocr_carea' id='block_1_7' title="bbox 406 1862 1449 3102">
    <p class='ocr_par' dir='ltr' id='par_1_7' title="bbox 406 1862 1449 3102">
     <span class='ocr_line' id='line_1_18' title="bbox 409 1862 1193 1924; baseline -0.006 -12"><span class='ocrx_word' id='word_1_72' title='bbox 409 1865 500 1912; x_wconf 88' lang='lat' dir='ltr'><strong>Per</strong></span> <span class='ocrx_word' id='word_1_73' title='bbox 524 1879 656 1911; x_wconf 89' lang='lat' dir='ltr'><strong>meos</strong></span> <span class='ocrx_word' id='word_1_74' title='bbox 680 1863 801 1909; x_wconf 88' lang='lat' dir='ltr'><strong>fines</strong></span> <span class='ocrx_word' id='word_1_75' title='bbox 825 1870 872 1909; x_wconf 92' lang='lat' dir='ltr'><strong>et</strong></span> <span class='ocrx_word' id='word_1_76' title='bbox 897 1862 1061 1924; x_wconf 82' lang='lat' dir='ltr'><strong>aprica</strong></span> <span class='ocrx_word' id='word_1_77' title='bbox 1084 1877 1193 1907; x_wconf 85' lang='lat' dir='ltr'><strong>rura</strong></span> 
     </span>
     <span class='ocr_line' id='line_1_19' title="bbox 408 1944 1238 2007; baseline -0.006 -11"><span class='ocrx_word' id='word_1_78' title='bbox 408 1947 557 1996; x_wconf 90' lang='lat' dir='ltr'><strong>Lenis</strong></span> <span class='ocrx_word' id='word_1_79' title='bbox 581 1947 794 2005; x_wconf 81' lang='lat' dir='ltr'><strong>incedas,</strong></span> <span class='ocrx_word' id='word_1_80' title='bbox 821 1946 1058 2007; x_wconf 78' lang='lat' dir='ltr'><strong>abeasque</strong></span> <span class='ocrx_word' id='word_1_81' title='bbox 1082 1944 1238 2007; x_wconf 85' lang='lat' dir='ltr'><strong>parvis</strong></span> 
     </span>
     <span class='ocr_line' id='line_1_20' title="bbox 805 2029 1255 2092; baseline -0.009 -14"><span class='ocrx_word' id='word_1_82' title='bbox 805 2030 994 2092; x_wconf 89' lang='lat' dir='ltr'><strong>AEquus</strong></span> <span class='ocrx_word' id='word_1_83' title='bbox 1019 2029 1223 2075; x_wconf 88' lang='lat' dir='ltr'><strong>alumnis</strong></span> <span class='ocrx_word' id='word_1_84' title='bbox 1244 2045 1255 2074; x_wconf 70' lang='grc' dir='ltr'>ε</span> 
     </span>
     <span class='ocr_line' id='line_1_21' title="bbox 409 2114 1297 2178; baseline -0.006 -14"><span class='ocrx_word' id='word_1_85' title='bbox 409 2118 461 2164; x_wconf 86' lang='lat' dir='ltr'><strong>Si</strong></span> <span class='ocrx_word' id='word_1_86' title='bbox 485 2125 622 2164; x_wconf 90' lang='lat' dir='ltr'><strong>tener</strong></span> <span class='ocrx_word' id='word_1_87' title='bbox 644 2115 788 2178; x_wconf 89' lang='lat' dir='ltr'><strong>pleno</strong></span> <span class='ocrx_word' id='word_1_88' title='bbox 813 2114 942 2162; x_wconf 81' lang='lat' dir='ltr'><strong>cadit</strong></span> <span class='ocrx_word' id='word_1_89' title='bbox 966 2114 1131 2160; x_wconf 84' lang='lat' dir='ltr'><strong>haedus</strong></span> <span class='ocrx_word' id='word_1_90' title='bbox 1156 2129 1297 2172; x_wconf 88' lang='lat' dir='ltr'><strong>anno,</strong></span> 
     </span>
     <span class='ocr_line' id='line_1_22' title="bbox 406 2197 1289 2264; baseline -0.006 -16"><span class='ocrx_word' id='word_1_91' title='bbox 406 2201 568 2264; x_wconf 81' lang='lat' dir='ltr'><strong>Larga</strong></span> <span class='ocrx_word' id='word_1_92' title='bbox 591 2216 683 2247; x_wconf 85' lang='lat' dir='ltr'><strong>neo</strong></span> <span class='ocrx_word' id='word_1_93' title='bbox 708 2200 884 2246; x_wconf 83' lang='lat' dir='ltr'><strong>desunt</strong></span> <span class='ocrx_word' id='word_1_94' title='bbox 906 2198 1112 2245; x_wconf 89' lang='lat' dir='ltr'><strong>Veneris</strong></span> <span class='ocrx_word' id='word_1_95' title='bbox 1137 2197 1289 2244; x_wconf 88' lang='lat' dir='ltr'><strong>sodali</strong></span> 
     </span>
     <span class='ocr_line' id='line_1_23' title="bbox 408 2283 1224 2341; baseline -0.006 -8"><span class='ocrx_word' id='word_1_96' title='bbox 408 2286 537 2333; x_wconf 87' lang='lat' dir='ltr'><strong>Vina</strong></span> <span class='ocrx_word' id='word_1_97' title='bbox 561 2293 777 2341; x_wconf 82' lang='lat' dir='ltr'><strong>craterae,</strong></span> <span class='ocrx_word' id='word_1_98' title='bbox 803 2292 939 2330; x_wconf 91' lang='lat' dir='ltr'><strong>vetus</strong></span> <span class='ocrx_word' id='word_1_99' title='bbox 964 2299 1045 2329; x_wconf 86' lang='lat' dir='ltr'><strong>ara</strong></span> <span class='ocrx_word' id='word_1_100' title='bbox 1076 2283 1224 2329; x_wconf 89' lang='lat' dir='ltr'><strong>multo</strong></span> 
     </span>
     <span class='ocr_line' id='line_1_24' title="bbox 804 2367 1162 2414; baseline -0.006 0"><span class='ocrx_word' id='word_1_101' title='bbox 804 2367 980 2414; x_wconf 82' lang='lat' dir='ltr'><strong>Fumat</strong></span> <span class='ocrx_word' id='word_1_102' title='bbox 1002 2367 1162 2414; x_wconf 89' lang='lat' dir='ltr'><strong>odore.</strong></span> 
     </span>
     <span class='ocr_line' id='line_1_25' title="bbox 409 2453 1325 2515; baseline -0.007 -14"><span class='ocrx_word' id='word_1_103' title='bbox 409 2453 557 2501; x_wconf 82' lang='lat' dir='ltr'><strong>Ludit</strong></span> <span class='ocrx_word' id='word_1_104' title='bbox 580 2453 782 2500; x_wconf 88' lang='lat' dir='ltr'><strong>herboso</strong></span> <span class='ocrx_word' id='word_1_105' title='bbox 804 2468 953 2515; x_wconf 83' lang='lat' dir='ltr'><strong>pecus</strong></span> <span class='ocrx_word' id='word_1_106' title='bbox 977 2466 1118 2498; x_wconf 86' lang='lat' dir='ltr'><strong>omne</strong></span> <span class='ocrx_word' id='word_1_107' title='bbox 1143 2465 1325 2512; x_wconf 84' lang='lat' dir='ltr'><strong>campo,</strong></span> 
     </span>
     <span class='ocr_line' id='line_1_26' title="bbox 406 2534 1449 2588; baseline -0.007 -2"><span class='ocrx_word' id='word_1_108' title='bbox 406 2537 576 2588; x_wconf 79' lang='lat' dir='ltr'><strong>Quum</strong></span> <span class='ocrx_word' id='word_1_109' title='bbox 600 2536 687 2584; x_wconf 89' lang='lat' dir='ltr'><strong>tibi</strong></span> <span class='ocrx_word' id='word_1_110' title='bbox 711 2535 868 2582; x_wconf 82' lang='lat' dir='ltr'><strong>Nonae</strong></span> <span class='ocrx_word' id='word_1_111' title='bbox 893 2536 1097 2581; x_wconf 87' lang='lat' dir='ltr'><strong>redeunt</strong></span> <span class='ocrx_word' id='word_1_112' title='bbox 1124 2534 1418 2581; x_wconf 81' lang='lat' dir='ltr'><strong>Decembres</strong></span> <span class='ocrx_word' id='word_1_113' title='bbox 1439 2550 1449 2578; x_wconf 75' lang='grc' dir='ltr'>ε</span> 
     </span>
     <span class='ocr_line' id='line_1_27' title="bbox 407 2618 1159 2682; baseline -0.007 -14"><span class='ocrx_word' id='word_1_114' title='bbox 407 2620 581 2668; x_wconf 83' lang='lat' dir='ltr'><strong>Festus</strong></span> <span class='ocrx_word' id='word_1_115' title='bbox 605 2620 654 2667; x_wconf 94' lang='lat' dir='ltr'><strong>in</strong></span> <span class='ocrx_word' id='word_1_116' title='bbox 678 2618 825 2682; x_wconf 87' lang='lat' dir='ltr'><strong>pratis</strong></span> <span class='ocrx_word' id='word_1_117' title='bbox 849 2626 986 2665; x_wconf 79' lang='lat' dir='ltr'><strong>vacat</strong></span> <span class='ocrx_word' id='word_1_118' title='bbox 1009 2618 1159 2664; x_wconf 91' lang='lat' dir='ltr'><strong>otioso</strong></span> 
     </span>
     <span class='ocr_line' id='line_1_28' title="bbox 801 2702 1274 2763; baseline -0.004 -14"><span class='ocrx_word' id='word_1_119' title='bbox 801 2702 927 2750; x_wconf 90' lang='lat' dir='ltr'><strong>Cum</strong></span> <span class='ocrx_word' id='word_1_120' title='bbox 952 2702 1069 2748; x_wconf 90' lang='lat' dir='ltr'><strong>bove</strong></span> <span class='ocrx_word' id='word_1_121' title='bbox 1093 2717 1243 2763; x_wconf 83' lang='lat' dir='ltr'><strong>pagus</strong></span> <span class='ocrx_word' id='word_1_122' title='bbox 1265 2718 1274 2746; x_wconf 91' lang='lat'><strong>:</strong></span> 
     </span>
     <span class='ocr_line' id='line_1_29' title="bbox 409 2786 1288 2848; baseline -0.007 -12"><span class='ocrx_word' id='word_1_123' title='bbox 409 2789 541 2836; x_wconf 82' lang='lat' dir='ltr'><strong>Inter</strong></span> <span class='ocrx_word' id='word_1_124' title='bbox 566 2787 773 2835; x_wconf 85' lang='lat' dir='ltr'><strong>audaces</strong></span> <span class='ocrx_word' id='word_1_125' title='bbox 796 2786 936 2848; x_wconf 92' lang='lat' dir='ltr'><strong>lupus</strong></span> <span class='ocrx_word' id='word_1_126' title='bbox 960 2793 1085 2832; x_wconf 84' lang='lat' dir='ltr'><strong>errat</strong></span> <span class='ocrx_word' id='word_1_127' title='bbox 1109 2799 1257 2847; x_wconf 86' lang='lat' dir='ltr'><strong>agnos</strong></span> <span class='ocrx_word' id='word_1_128' title='bbox 1279 2801 1288 2829; x_wconf 90' lang='lat'>:</span> 
     </span>
     <span class='ocr_line' id='line_1_30' title="bbox 408 2868 1333 2936; baseline -0.006 -15"><span class='ocrx_word' id='word_1_129' title='bbox 408 2873 605 2936; x_wconf 83' lang='lat' dir='ltr'><strong>Spargit</strong></span> <span class='ocrx_word' id='word_1_130' title='bbox 628 2880 839 2935; x_wconf 86' lang='lat' dir='ltr'><strong>agrestes</strong></span> <span class='ocrx_word' id='word_1_131' title='bbox 862 2870 949 2918; x_wconf 90' lang='lat' dir='ltr'><strong>tibi</strong></span> <span class='ocrx_word' id='word_1_132' title='bbox 973 2869 1090 2917; x_wconf 88' lang='lat' dir='ltr'><strong>silva</strong></span> <span class='ocrx_word' id='word_1_133' title='bbox 1113 2868 1333 2916; x_wconf 87' lang='lat' dir='ltr'><strong>frondes:</strong></span> 
     </span>
     <span class='ocr_line' id='line_1_31' title="bbox 407 2953 1260 3018; baseline -0.008 -12"><span class='ocrx_word' id='word_1_134' title='bbox 407 2957 601 3006; x_wconf 87' lang='lat' dir='ltr'><strong>Gaudet</strong></span> <span class='ocrx_word' id='word_1_135' title='bbox 623 2956 824 3004; x_wconf 88' lang='lat' dir='ltr'><strong>invisam</strong></span> <span class='ocrx_word' id='word_1_136' title='bbox 848 2954 1088 3018; x_wconf 88' lang='lat' dir='ltr'><strong>pepulisse</strong></span> <span class='ocrx_word' id='word_1_137' title='bbox 1114 2953 1260 3000; x_wconf 88' lang='lat' dir='ltr'><strong>fossor</strong></span> 
     </span>
     <span class='ocr_line' id='line_1_32' title="bbox 804 3039 1264 3102; baseline -0.011 -14"><span class='ocrx_word' id='word_1_138' title='bbox 804 3039 906 3088; x_wconf 89' lang='lat' dir='ltr'><strong>Ter</strong></span> <span class='ocrx_word' id='word_1_139' title='bbox 929 3039 1052 3102; x_wconf 91' lang='lat' dir='ltr'><strong>pede</strong></span> <span class='ocrx_word' id='word_1_140' title='bbox 1076 3046 1264 3085; x_wconf 84' lang='lat' dir='ltr'><strong>terram.</strong></span> 
     </span>
    </p>
   </div>
   <div class='ocr_carea' id='block_1_8' title="bbox 1698 667 1759 713">
    <p class='ocr_par' dir='ltr' id='par_1_8' title="bbox 1698 667 1759 713">
     <span class='ocr_line' id='line_1_33' title="bbox 1698 667 1759 713; baseline 0 0"><span class='ocrx_word' id='word_1_141' title='bbox 1698 667 1759 713; x_wconf 91' lang='lat'><strong>10</strong></span> 
     </span>
    </p>
   </div>
   <div class='ocr_carea' id='block_1_9' title="bbox 1700 1093 1760 1138">
    <p class='ocr_par' dir='ltr' id='par_1_9' title="bbox 1700 1093 1760 1138">
     <span class='ocr_line' id='line_1_34' title="bbox 1700 1093 1760 1138; baseline 0.017 -1"><span class='ocrx_word' id='word_1_142' title='bbox 1700 1093 1760 1138; x_wconf 92' lang='lat'><strong>15</strong></span> 
     </span>
    </p>
   </div>
   <div class='ocr_carea' id='block_1_10' title="bbox 1690 2533 1751 2578">
    <p class='ocr_par' dir='ltr' id='par_1_10' title="bbox 1690 2533 1751 2578">
     <span class='ocr_line' id='line_1_35' title="bbox 1690 2533 1751 2578; baseline 0 0"><span class='ocrx_word' id='word_1_143' title='bbox 1690 2533 1751 2578; x_wconf 86' lang='lat'><strong>10</strong></span> 
     </span>
    </p>
   </div>
   <div class='ocr_carea' id='block_1_11' title="bbox 1691 2950 1750 2996">
    <p class='ocr_par' dir='ltr' id='par_1_11' title="bbox 1691 2950 1750 2996">
     <span class='ocr_line' id='line_1_36' title="bbox 1691 2950 1750 2996; baseline 0 0"><span class='ocrx_word' id='word_1_144' title='bbox 1691 2950 1750 2996; x_wconf 90' lang='grc'><strong>15</strong></span> 
     </span>
    </p>
   </div>
  </div>
 </body>
</html>
