1894 3188
133 134 236 182 212
663 129 713 178 Q.
742 130 981 171 HORATII
1009 130 1213 172 FLACCI

199 257 421 303 Annonae
445 255 618 319 prosit;
655 266 809 319 portet
832 257 1069 306 frumenta
1090 274 1348 321 penusque.

265 339 353 387 Vir
378 340 530 387 bonus
553 349 601 387 et
624 341 815 404 sapiens
840 343 1032 389 audebit
1056 343 1215 390 dicere
1238 360 1247 389 :
1285 348 1312 368 “
1329 342 1561 401 Pentheu‚

175 423 381 470 -Rector
405 423 700 481 Thebarum,
726 425 838 487 quid
863 443 937 473 me
961 427 1168 490 perferre
1191 427 1381 490 patique

195 506 456 570 Indignum
475 525 620 572 coges
637 511 654 556 2
674 511 700 530 '’
773 515 799 535 “
818 510 1042 558 Adimam
1063 512 1233 559 bona.''
1306 520 1336 541 ‘⁶
1353 511 1541 573 Nempe
1559 527 1723 574 pecus5

324 607 438 651 rem,
1659 597 1725 641 75

192 674 381 734 LectOS,
409 685 658 738 argentum
679 694 689 723 :
727 677 862 725 tollas
885 679 1047 726 licet.'’
1117 688 1147 709 ‘⁶
1170 678 1228 726 In
1254 661 1455 726 manicis
1479 687 1526 725 et

193 758 517 821 Compedibus
542 776 664 807 saevo
689 770 735 808 te
759 763 848 808 sub
873 763 1070 810 custode
1094 763 1316 810 tenebo.'’

196 850 229 872 ‘⁶
254 842 363 905 Ipse
387 844 519 903 deus,
545 844 683 891 simul
710 854 851 914 atque
875 848 1047 902 volam,
1074 863 1149 893 me
1173 846 1368 893 solvet.’'
1437 845 1638 908 Opinor,

191 926 301 974 Hoc
327 928 483 987 sentit,
524 936 553 958 “
577 928 755 976 Moriar
775 932 801 951 ''
825 948 835 988 3
873 947 998 978 mors
1022 931 1187 978 ultima
1209 930 1338 977 linea
1360 946 1516 977 rerum
1541 940 1627 976 est.

644 1265 984 1313 EPISTOLA
1020 1265 1188 1313 XVII.

758 1415 823 1446 AD
849 1416 1072 1447 SCAEVAM.

653 1498 676 1505 ς

180 1531 435 1589 QUAMVIS,
464 1533 642 1591 Scaeva,
669 1531 783 1579 satis
806 1549 889 1594 per
913 1541 959 1578 te
983 1533 1068 1578 tibi
1093 1531 1315 1590 consuIiS,
1341 1540 1388 1578 et
1411 1531 1505 1578 scis

179 1616 295 1666 Quo
319 1617 510 1662 tandem
534 1624 675 1678 pacto
699 1617 867 1662 deceat
890 1616 1145 1678 majoribus
1169 1615 1252 1673 uti,

182 1699 343 1759 Disce,
372 1701 616 1747 docendus
641 1701 814 1756 adhuc,
840 1717 943 1762 quae
969 1709 1134 1746 censet
1159 1700 1418 1756 amiculus3
1456 1708 1506 1746 ut
1526 1699 1563 1744 si

181 1784 353 1830 Caecus
378 1784 465 1830 iter
490 1792 751 1831 monstrare
775 1784 919 1829 velit:
956 1791 1115 1829 tamen
1142 1783 1300 1845 aspice
1325 1782 1363 1828 si
1387 1782 1498 1844 quid

178 1868 241 1914 Et
265 1884 370 1923 nos,
395 1869 519 1929 quod
543 1884 682 1914 eures
706 1867 946 1930 proprium
971 1867 1156 1926 fecisse,
1182 1867 1445 1928 loquamur.

245 1952 296 1998 Si
321 1961 366 1998 te
391 1961 526 2015 grata
549 1952 683 2013 quies
707 1961 753 1998 et
776 1951 978 2015 primam
1003 1967 1196 1998 somnus
1220 1950 1268 1997 in
1295 1951 1456 1997 horam

177 2035 396 2083 Delectat
415 2054 426 2095 ;
464 2037 504 2083 si
528 2045 574 2083 te
597 2036 750 2099 pulvis
774 2036 1088 2098 strepitusque
1113 2043 1336 2093 rotarum,

177 2120 229 2166 Si
252 2120 380 2167 laedit
404 2137 634 2182 caupona,
661 2120 973 2167 Ferentinum
998 2120 1065 2166 ire
1087 2119 1264 2182 jubebo
1285 2135 1295 2164 :

174 2204 298 2251 Nam
325 2221 479 2267 neque
503 2205 727 2251 divitibus
752 2205 1038 2266 contingunt
1061 2203 1236 2266 gaudia
1260 2202 1370 2249 solis
1389 2219 1399 2260 3

172 2288 281 2335 Nec
306 2288 421 2335 vixit
444 2287 582 2348 male,
609 2288 688 2350 qui
712 2301 852 2335 natus
875 2288 1175 2349 moriensque
1200 2286 1378 2333 fefellit.
1460 2304 1464 2307 ·
1646 2287 1706 2332 10

173 2372 226 2418 Si
249 2373 471 2434 prodesse
496 2372 602 2431 tuis,
628 2370 859 2434 pauloque
883 2370 1139 2434 benignius
1164 2370 1317 2432 ipsum

171 2455 247 2503 Te
271 2465 474 2503 tractare
497 2457 640 2512 voles,
667 2457 868 2503 accedes
893 2456 1048 2503 siccus
1075 2456 1135 2502 ad
1160 2463 1373 2501 unctum.

171 2544 198 2564 “
221 2540 271 2586 Si
295 2541 549 2602 pranderet
571 2541 674 2587 olus
697 2540 951 2603 patienter,
977 2539 1170 2602 regibus
1194 2539 1262 2584 uti

169 2622 333 2670 Nollet
361 2624 682 2687 Aristippus.'’
755 2629 781 2649 “
804 2624 856 2671 Si
881 2624 1025 2670 sciret
1048 2623 1240 2685 regibus
1265 2621 1350 2676 uti,

169 2705 427 2754 Fastidiret
449 2708 568 2764 olus,
593 2708 673 2770 qui
697 2724 773 2755 me
798 2707 980 2754 notat.”
1049 2706 1214 2754 Utrius
1238 2706 1405 2751 horum
1640 2704 1701 2749 15

167 2791 328 2837 Verba
350 2792 519 2853 probes
543 2801 590 2839 et
616 2792 753 2851 facta,
779 2792 898 2838 doce
920 2807 932 2847 3
970 2790 1042 2837 vel
1062 2789 1222 2853 junior
1246 2787 1357 2834 audi

166 2873 267 2921 Cur
291 2873 351 2921 sit
376 2874 605 2936 Aristippi
629 2875 781 2937 potior
805 2873 1057 2920 sententia.
1126 2871 1347 2931 Namque

166 2958 448 3005 Mordacem
474 2957 712 3019 Cynicum
737 2958 807 3004 sic
831 2957 1067 3014 eludebat,
1093 2963 1145 3001 ut
1168 2954 1328 3000 aiunt:

165 3047 192 3067 “
210 3042 411 3090 Scurror
435 3057 526 3105 ego
549 3041 649 3104 ipse
672 3040 803 3099 mihi,
829 3040 1001 3103 populo
1024 3048 1104 3095 ως
1141 3036 1318 3085 rectius
1343 3037 1433 3085 hoc
1452 3045 1499 3082 et
1546 3068 1553 3075 ,

1677 1868 1708 1913 ὺε
