1894 3188
695 101 930 141 EPODON
967 101 1152 141 LIBER.
1636 108 1653 153 ]
1672 109 1724 154 ll

378 350 390 389 x
805 293 946 341 ODE
982 293 1047 340 X.

774 443 841 474 AD
877 443 1079 476 AMICOS.

321 561 847 628 HomunAqtempestas
871 561 1047 608 coelum
1071 562 1325 618 contraxit,
1351 571 1399 609 et
1430 563 1607 610 imbres

257 628 503 707 Nive-sque
528 644 776 692 deducunt
800 645 999 693 Jovem:
1037 663 1170 693 nunc
1194 662 1339 705 mare,
1366 663 1498 694 nunc
1524 647 1672 702 siluae,

322 729 557 777 Threicio
581 720 823 792 Aquilone
848 739 1034 778 sonant.
1106 731 1390 794 Rapiamus‚
1418 732 1575 791 amici,

258 813 584 861 Occasionem
608 814 668 861 de
692 814 769 861 die
793 831 803 860 :
841 815 1051 876 dumque
1077 814 1231 862 virent
1255 831 1432 878 genua,
1766 882 1770 883 ⁷

324 897 388 944 Et
411 898 568 954 decet,
593 898 802 946 obducta
828 899 1034 946 solvatur
1060 899 1214 946 fronte
1240 908 1485 947 senectus.
1614 958 1622 966 μ
1716 901 1747 945 5

260 981 344 1028 Tu
367 981 478 1028 vina
499 981 747 1044 Torquato
771 998 908 1030 move
933 983 1131 1030 consule
1155 1000 1321 1045 pressa
1345 1000 1469 1032 meo.

324 1064 513 1112 Caetera
535 1066 670 1112 mitte
694 1066 851 1129 loqui:
889 1067 1010 1115 deus
1035 1068 1139 1114 haec
1163 1059 1364 1115 fortasse
1396 1068 1608 1132 benigna

262 1148 488 1196 Reducet
512 1149 562 1198 in
587 1151 753 1197 sedem
777 1151 897 1198 vice.
968 1151 1118 1198 Nunc
1142 1160 1191 1198 et
1215 1152 1534 1212 Achaemenio

328 1233 560 1281 Perfundi
584 1235 734 1281 nardo
754 1235 903 1298 juvat,
930 1247 977 1282 et
1001 1236 1094 1283 fide
1121 1236 1353 1299 Cyllenea

264 1317 446 1365 Levare
471 1317 587 1365 diris
610 1327 807 1381 pectora
830 1319 1238 1368 sollicitudinibus
1260 1338 1269 1368 :
1691 1323 1751 1368 10

327 1401 518 1448 Nobilis
542 1410 594 1448 ut
618 1403 790 1465 grandi
815 1403 996 1450 cecinit
1021 1403 1517 1454 CentauruS.alumno
1539 1423 1548 1451 :

265 1492 295 1513 ‘⁴
310 1484 496 1532 Invicte
520 1486 748 1542 mortalis,
779 1487 868 1533 dea
894 1495 1006 1534 nate
1030 1503 1148 1550 puer
1173 1487 1404 1545 Thetide,

329 1569 406 1617 Te
431 1579 594 1618 manet
618 1571 846 1619 Assaraci
870 1572 1028 1628 tellus,
1054 1589 1196 1634 quam
1221 1572 1398 1637 frigida
1416 1576 1550 1637 parvi

265 1651 483 1701 Findunt
509 1655 794 1702 Scamandri
817 1655 1036 1713 flumina,
1062 1657 1278 1705 lubricus
1303 1666 1351 1705 et
1376 1659 1553 1707 Simois
1574 1677 1584 1717 ς

331 1736 472 1784 Unde
496 1738 584 1785 tibi
607 1739 815 1786 reditum
840 1748 972 1788 certo
997 1741 1269 1789 subtemine
1294 1742 1464 1790 Parcae
1690 1746 1751 1792 15

266 1818 467 1882 Rupere
489 1839 499 1880 ;
537 1838 630 1870 nec
654 1832 805 1871 mater
824 1825 1021 1872 domum
1045 1826 1228 1874 coerula
1240 1834 1297 1873 te
1322 1828 1531 1874 revehet.

334 1904 443 1952 Illic
466 1922 608 1953 omne
633 1908 814 1955 malum
838 1909 950 1957 vino
974 1917 1215 1972 cantuque
1244 1910 1417 1969 levato,

270 1987 511 2036 Deformis
535 1991 824 2054 aegrimoniae
849 1993 1071 2041 dulcibus
1096 1993 1364 2055 alloquiis.’'

809 2324 950 2373 ODE
985 2326 1077 2375 XI.

628 2475 694 2505 AD
730 2474 964 2508 POPULUM
999 2477 1269 2510 ROMANUM.

273 2590 486 2638 ALTERA
506 2590 605 2653 jam
628 2591 796 2639 teritur
820 2593 958 2640 bellis
982 2594 1203 2642 civilibus
1228 2604 1356 2655 aetas,

340 2675 452 2721 Suis
475 2683 523 2721 et
547 2675 652 2737 ipsa
674 2675 836 2724 Roma
859 2677 1038 2725 viribus
1062 2679 1187 2726 ruit:

269 2757 436 2809 Quam
460 2774 614 2820 neque
639 2759 830 2807 finitimi
856 2761 1107 2810 valuerunt
1130 2764 1331 2826 perdere
1355 2765 1524 2822 Marsi,

338 2841 552 2889 Minacis
576 2851 661 2890 aut
683 2843 891 2891 Etrusca
918 2845 1142 2892 Porsenae
1166 2864 1354 2908 manus,

274 2924 472 2972 AEmula
495 2942 588 2973 nec
612 2926 760 2973 virtus
785 2927 982 2990 Capuae‚
1009 2946 1103 2977 nec
1129 2932 1390 2994 Spartacus
1415 2949 1540 2990 acer,
1725 2936 1756 2980 5

338 3009 584 3072 Novisque
607 3011 752 3058 rebus
776 3011 984 3060 infidelis
1009 3014 1257 3071 Allobrox,
