1894 3188
625 104 954 147 SATIRARUM
981 104 1088 144 LIB.
1130 104 1185 142 11.
1469 105 1471 107 ’
1612 107 1703 156 161

167 234 271 281 Seu
296 233 442 289 recte,
469 233 559 280 hoc
581 232 725 288 volui,
751 247 812 278 ne
837 231 900 278 sis
920 238 1115 294 patruus
1134 227 1284 275 mihi.’
1352 226 1512 276 Credo

170 318 280 364 Hoc
306 316 492 364 Staberi
515 316 800 379 prudentem
826 315 1037 362 animum
1052 313 1225 360 vidisse
1252 348 1262 359 .
1288 346 1299 358 .
1324 313 1367 358 .'’
1391 311 1575 364 “Quid
1594 328 1707 376 ergo

163 401 347 456 Sensit,
373 416 518 463 quum
542 415 776 447 summam
799 397 1052 461 patrimoni
1077 396 1347 459 insculpere
1373 411 1487 444 saxo
1640 397 1705 444 90

168 485 398 531 Haeredes
422 483 569 531 voluit
591 484 609 529 Τ
629 483 657 504 ”
695 481 921 533 “Quoad
947 481 1074 540 vixit,
1100 480 1304 527 credidit
1336 472 1507 543 ingens

160 567 451 630 >Pauperiem
475 566 658 622 vitium,
684 574 732 613 et
755 566 880 613 cavit
903 565 1021 612 nihil
1047 563 1204 612 acrius
1225 580 1238 621 3
1275 572 1341 622 ut,
1368 564 1408 611 si

163 651 306 698 Forte
333 650 491 698 minus
515 651 726 713 locuples
751 666 847 698 uno
870 650 1133 712 quadrante
1157 648 1372 711 perisset,

165 733 275 797 Ipse
300 735 538 782 videretur
561 734 652 781 sibi
675 734 902 796 nequior:
937 734 1092 781 omnis
1116 733 1245 780 enim
1269 748 1361 788 res,

161 819 343 875 Virtus,
371 819 508 878 fama,
531 819 696 878 decus,
723 818 886 865 divina
911 819 1228 879 humanaque,
1253 816 1466 879 pulchris
1630 816 1698 864 95

161 901 355 949 Divitiis
380 911 577 965 parent3
614 918 730 964 quas
753 902 833 964 qui
857 902 1162 960 contraxerit,
1188 901 1267 948 ille

162 985 333 1033 Clarus
375 986 479 1041 erit,
523 985 668 1045 fortis,
711 986 914 1049 justus.”
979 993 1010 1015 “
1032 985 1297 1048 Sapiensne
1318 985 1336 1030 2
1355 983 1384 1005 ”
1453 991 1484 1014 ‘⁶
1502 981 1661 1031 Etiam
1681 999 1694 1039 3

294 1079 342 1116 et
366 1086 462 1129 rex,
672 1067 676 1073 ’

161 1153 224 1200 Et
246 1154 474 1216 quidquid
498 1154 636 1201 volet.
706 1153 828 1213 Hoc,
857 1153 998 1200 veluti
1023 1153 1193 1200 virtute
1216 1159 1452 1215 paratum,

159 1238 378 1299 Speravit
402 1254 586 1300 magnae
610 1237 740 1284 laudi
766 1238 878 1285 fore.
950 1237 1086 1288 Quid
1114 1236 1267 1283 simile
1292 1236 1369 1283 isti

158 1321 359 1367 Graecus
384 1322 661 1384 Aristippus,
688 1322 768 1384 qui
793 1338 951 1368 servos
975 1321 1206 1384 projicere
1231 1336 1400 1368 aurum
1609 1320 1695 1366 100

160 1403 220 1450 In
246 1404 401 1450 media
422 1404 564 1467 jussit
588 1405 755 1466 Libya,
781 1404 892 1467 quia
914 1405 1090 1451 tardius
1116 1404 1239 1450 irent

157 1487 354 1549 Propter
377 1504 497 1534 onus
523 1504 693 1551 segnes
716 1490 732 1533 2
771 1496 874 1534 uter
898 1497 971 1534 est
994 1487 1204 1534 insanior
1229 1487 1432 1534 horum?
1456 1486 1481 1508 ’'

159 1580 190 1602 ⁴‘
207 1573 290 1619 Nil
318 1572 417 1635 agit
441 1573 708 1635 exemplum
732 1573 864 1620 litem
887 1573 1011 1634 quod
1035 1572 1117 1618 lite
1142 1570 1377 1618 resolvit.’'

155 1664 188 1685 ‘⁶
207 1657 258 1703 Si
282 1656 386 1718 quis
410 1665 536 1704 emat
560 1657 781 1716 citharas,
806 1669 988 1719 emptas
1013 1664 1274 1718 comportet
1297 1655 1346 1702 in
1371 1670 1536 1710 unum,

152 1739 263 1787 Nec
287 1741 443 1788 studio
467 1741 675 1800 citharae,
702 1757 793 1788 nec
818 1741 974 1788 Musae
999 1740 1188 1788 deditus
1214 1740 1325 1797 ulli3
1596 1741 1688 1787 105

153 1823 208 1870 Si
231 1825 416 1886 scalpra
439 1834 486 1872 et
510 1825 695 1884 formas,
724 1818 820 1872 nori
845 1834 973 1872 sutor
994 1841 1005 1882 ;
1043 1824 1236 1871 nautica
1259 1824 1376 1883 vela,

154 1908 357 1953 Aversus
382 1908 692 1965 mercaturis3
730 1909 907 1955 delirus
931 1917 978 1954 et
1002 1923 1166 1954 amens

154 1989 374 2051 Undique
399 1991 587 2038 dicatur
613 1991 794 2038 merito.
862 1991 966 2041 Qui
989 1992 1227 2052 discrepat
1251 1991 1365 2050 istis,

150 2074 253 2124 Qui
279 2091 497 2121 nummos
522 2091 782 2136 aurumque
808 2075 1039 2130 recondit,
1065 2075 1256 2121 nescius
1286 2075 1356 2121 uti

152 2157 455 2219 CompositiS,
482 2166 790 2219 metuensque
816 2159 943 2204 velut
967 2158 1244 2221 contingere
1268 2174 1456 2206 sacrum
1477 2160 1496 2205 2
1590 2161 1683 2207 llo

151 2240 205 2287 Si
228 2241 332 2302 quis
358 2242 416 2287 ad
441 2241 684 2304 ingentem
710 2242 933 2288 frumenti
957 2259 1140 2304 semper
1164 2259 1385 2289 acervum

148 2323 402 2371 Porrectus
426 2324 588 2387 vigilet
612 2341 720 2372 cum
745 2326 886 2388 longo
911 2326 1064 2383 fuste3
1102 2342 1255 2388 neque
1283 2326 1416 2374 illinc

146 2408 336 2455 Audeat
360 2409 575 2456 esuriens
599 2409 819 2456 dominus
842 2409 1120 2473 contingere
1145 2426 1363 2473 granum,

146 2493 216 2538 Ac
238 2492 392 2554 potius
417 2492 538 2540 foliis
563 2509 734 2555 parcus
758 2502 973 2540 vescatur
998 2494 1202 2552 amaris3

141 2575 209 2634 Si,
235 2576 400 2637 positis
425 2576 552 2631 intus
577 2577 687 2623 Chii
713 2577 976 2638 veterisque
1001 2577 1195 2625 Falerni
1578 2581 1672 2628 115

143 2659 278 2706 Mille
304 2660 435 2707 cadis
461 2695 472 2707 .
498 2696 509 2707 .
535 2695 548 2707 .
573 2661 690 2708 nihil
716 2670 788 2708 est
812 2696 823 2707 .
849 2695 861 2708 .
889 2698 898 2709 .
925 2670 1191 2709 tercentum
1215 2662 1437 2724 millibus,
1463 2680 1573 2713 acre

142 2743 282 2790 Potet
305 2753 492 2791 acetum
514 2762 525 2804 3
564 2762 665 2808 age,
691 2746 730 2792 si
754 2754 801 2792 et
824 2746 1094 2793 stramentis
1118 2747 1330 2805 incubet,
1355 2748 1505 2796 unde-

136 2827 381 2890 octoginta
405 2845 555 2876 annos
579 2838 734 2885 natus,
760 2829 839 2876 cui
863 2830 1072 2893 stragula
1095 2831 1253 2889 vestis,

137 2909 400 2958 Blattarum
425 2928 482 2959 ac
505 2913 741 2960 tinearum
765 2913 933 2975 epulae,
957 2922 1197 2976 putrescat
1220 2915 1270 2963 in
1295 2917 1406 2965 arca
1426 2934 1436 2965 :

134 2992 376 3042 Nimirum
402 2995 600 3044 insanus
623 2997 790 3059 paucis
815 2997 1044 3055 videatur,
1070 2997 1128 3046 eo
1152 2998 1280 3062 quod
1574 3003 1668 3050 1⁴20

593 3081 685 3128 14*
