1894 3188
628 77 865 119 EPODON
901 76 1088 118 LIBER.
1565 84 1665 133 105

320 206 389 255 At
411 204 633 270 expedita
657 204 867 267 Sagana,
892 220 976 267 per
999 211 1150 252 totam
1174 205 1368 255 domum
1600 206 1666 253 25

581 289 825 351 Spargens
851 289 1116 336 Avernales
1140 305 1302 352 aquas,

320 372 498 422 Horret
520 372 708 435 capillis
733 381 786 419 ut
811 373 1024 419 marinus
1049 373 1228 435 asperis

581 456 817 512 EchinuS‚
846 465 931 503 aut
954 473 1154 504 currens
1178 472 1306 519 aper.

318 540 507 588 Abacta
529 540 661 587 nulla
685 540 813 588 Veia
842 541 1141 588 conscientia

580 623 851 687 Ligonibus
875 625 1007 672 duris
1033 626 1232 672 humum
1602 625 1667 672 30

315 703 657 768 Exhauriebat,
683 709 936 772 ingemens
960 709 1201 756 laboribus
1224 725 1237 766 ;

579 791 698 843 Quo
722 801 881 855 posset
906 793 1113 840 infossus
1136 808 1255 855 puer

316 874 486 940 Longo
510 876 587 924 die
612 877 686 925 bis
710 886 876 939 terque
902 886 1096 924 mutatae
1122 876 1258 940 dapis

583 961 794 1009 Inemori
821 961 1097 1023 spectaculo
1120 977 1159 1025 ;ἱ

316 1042 486 1095 Quum
508 1044 802 1107 promineret
826 1060 923 1099 ore,
949 1043 1182 1106 quantum
1206 1051 1396 1092 exstant
1413 1045 1534 1107 aqua
1601 1044 1666 1091 35

580 1129 828 1191 Suspensa
852 1138 1014 1176 mento
1039 1144 1270 1191 corpora:

316 1209 499 1259 Exusta
521 1209 592 1258 uti
616 1212 828 1259 medulla
853 1222 900 1259 et
926 1213 1113 1259 aridum
1133 1213 1271 1276 jecur

580 1295 775 1343 Amoris
800 1305 926 1343 esset
949 1297 1193 1358 poculum,

317 1377 633 1426 Interminato
655 1395 804 1441 quum
829 1380 976 1426 semel
1004 1380 1110 1427 fixae
1135 1380 1247 1429 cibo

577 1462 907 1511 Intabuissent
929 1464 1136 1526 pupulae.
1602 1463 1667 1510 40

316 1545 431 1595 Non
455 1546 664 1595 defuisse
689 1548 915 1596 masculae
940 1547 1155 1596 libidinis

580 1632 943 1681 Ariminensem
969 1632 1173 1691 Foliam,

317 1714 380 1763 Et
402 1715 555 1764 otiosa
578 1717 783 1764 credidit
806 1717 1054 1781 Neapolis,

579 1801 642 1848 Et
665 1817 808 1849 omne
833 1801 1046 1849 vicinum
1070 1801 1314 1865 oppidum,

314 1881 442 1934 Quae
465 1883 638 1942 sidera,
664 1894 920 1933 excantata
942 1902 1059 1934 voce
1084 1886 1340 1942 Thessala,
1597 1886 1662 1933 45

581 1968 864 2032 Lunamque
889 1971 1011 2017 coelo
1035 1971 1222 2033 deripit.

318 2049 417 2097 Hic
439 2050 719 2100 irresectum
744 2070 869 2100 saeva
888 2055 1032 2100 dente
1057 2054 1202 2102 livido

580 2135 787 2184 Canidia
810 2137 984 2185 rodens
1008 2138 1248 2200 pollicem,

317 2216 455 2268 Quid
480 2219 636 2266 dixit?
674 2229 756 2267 aut
779 2221 892 2282 quid
917 2222 1069 2268 tacuit
1089 2223 1108 2268 2
1147 2227 1174 2247 “
1195 2221 1242 2269 Ο
1265 2221 1407 2270 rebus
1430 2223 1550 2270 meis

580 2303 693 2351 Non
719 2304 936 2352 infideles
961 2305 1166 2362 arbitrae,
1595 2308 1661 2355 50

314 2385 427 2433 Nox
450 2395 498 2434 et
521 2386 683 2435 Diana
706 2405 810 2451 quae
835 2389 1078 2437 silentium
1102 2390 1245 2454 regiS‚

580 2472 775 2520 Arcana
798 2491 945 2537 quum
970 2475 1092 2522 fiunt
1115 2491 1281 2533 sacra3

316 2553 482 2612 Nunc,
507 2572 639 2604 nunc
663 2538 856 2616 adeste3
894 2576 1026 2607 nunc
1050 2560 1101 2607 in
1126 2561 1323 2608 hostiles
1346 2561 1511 2609 domos

580 2641 707 2690 Iram
733 2652 873 2706 atque
898 2661 1079 2691 numen
1103 2645 1287 2692 vertite.

315 2722 653 2773 Formidolosae
679 2728 794 2775 dum
818 2729 969 2776 latent
993 2730 1122 2777 silvis
1147 2730 1273 2789 ferae,
1596 2732 1661 2778 55

578 2809 725 2858 Dulci
751 2829 918 2875 sopore
943 2813 1202 2877 languidae,

315 2890 507 2952 Senem,
532 2895 659 2956 quod
682 2911 851 2943 omnes
875 2897 1077 2957 rideant,
1105 2898 1374 2945 adulterum

575 2977 774 3027 Latrent
800 2981 1066 3029 Suburanae
1090 2998 1254 3038 caneS,
