1894 3188
145 117 246 165 172
682 113 733 160 Q.
762 113 1003 152 HORATII
1030 112 1237 152 FLACCI

833 270 1064 298 TIRESIAS.

1132 330 1162 376 J
1167 345 1306 376 amne
1328 329 1491 377 doloso

206 412 322 462 Non
347 411 464 461 satis
490 422 564 462 est
588 414 807 462 Ithacam
832 414 1010 471 revehi,
1035 415 1306 478 patriosque
1332 413 1540 462 Penates

206 498 442 562 Aspicere
458 501 477 547 ’ἒ

845 597 1056 624 ULYSSES.

536 657 583 704 O
608 657 727 704 nulli
751 658 1008 720 quidquam
1033 656 1248 712 mentite,
1278 656 1410 704 vides
1433 664 1486 703 ut
1722 653 1755 701 5

205 739 382 789 Nudus
406 741 637 805 inopsque
662 743 856 790 domum
883 743 1092 798 redeam,
1118 751 1164 789 te
1189 751 1323 799 vate;
1361 756 1517 803 neque
1543 739 1642 789 illic

189 826 308 873 ,Aut
332 827 566 889 apotheca
588 827 747 889 procis
771 828 952 874 intacta
976 836 1064 882 est,
1091 836 1172 873 aut
1195 842 1346 888 pecus
1366 843 1377 872 :
1415 826 1544 889 atqui

205 907 269 955 Et
293 924 462 972 genuS,
488 920 538 956 et
561 909 723 969 virtus,
750 909 843 956 nisi
868 925 978 955 cum
1003 925 1068 967 re,
1095 908 1228 955 vilior
1253 907 1362 970 alga
1385 915 1471 954 est.

823 1004 1055 1031 TIRESIAS.

202 1063 418 1114 Quando
440 1064 734 1128 pauperiem,
760 1065 918 1112 missis
943 1063 1241 1127 ambagibus,
1267 1063 1446 1118 horres,

203 1149 392 1213 Accipe
416 1151 508 1212 qua
531 1150 714 1198 ratione
740 1167 886 1213 queas
912 1150 1164 1196 ditescere.
1235 1148 1434 1194 Turdus
1691 1143 1753 1192 10

204 1234 316 1281 Sive
342 1234 472 1281 aliud
496 1235 684 1298 privum
709 1236 899 1282 dabitur
923 1235 1039 1291 tibi3
1078 1234 1268 1281 devolet
1292 1233 1406 1279 illuc

203 1318 309 1366 Res
334 1319 414 1366 ubi
439 1336 615 1383 magna
639 1320 774 1380 nitet,
801 1320 997 1367 domino
1022 1335 1136 1366 sene
1158 1335 1170 1376 ς
1209 1317 1372 1365 dulcia
1393 1331 1552 1379 poma,

203 1402 267 1449 Et
289 1420 599 1466 quoscunque
625 1404 744 1451 feret
768 1405 925 1451 cultus
950 1405 1036 1450 tibi
1062 1404 1239 1450 fundus
1263 1403 1483 1458 honoreS,

204 1488 335 1534 Ante
361 1487 537 1535 Larem
562 1497 723 1551 gustet
747 1488 1063 1534 venerabilior
1088 1488 1212 1533 Lare
1233 1487 1366 1532 dives
1387 1502 1402 1530 ι

202 1571 308 1622 Qui
331 1572 547 1634 quamvis
570 1572 789 1634 perjurus
814 1572 916 1630 erit,
944 1571 1046 1617 sine
1072 1578 1232 1633 gente,
1259 1577 1488 1616 cruentus
1691 1568 1755 1621 15

204 1656 458 1720 Sanguine
483 1656 704 1715 fraterno,
732 1655 987 1719 fugitivu53
1026 1671 1087 1701 ne
1112 1663 1272 1701 tamen
1297 1653 1366 1700 illi

204 1741 287 1789 Tu
312 1757 474 1790 comes
498 1741 720 1798 exterior,
747 1741 786 1788 si
810 1741 1032 1804 postulet,
1059 1740 1127 1787 ire
1152 1754 1360 1786 recuses.

837 1836 1052 1863 ULYSSES.

203 1897 332 1946 Utne
355 1906 515 1961 tegam
540 1913 712 1961 spurco
737 1897 904 1944 Damae
929 1897 1053 1942 latus
1073 1897 1091 1942 ’ἕ
1131 1895 1259 1942 haud
1283 1894 1352 1942 ita
1374 1892 1538 1957 Trojae

202 1982 290 2031 Me
313 1982 457 2047 gessi,
484 1990 675 2030 certans
700 1997 888 2044 semper
914 1979 1204 2027 melioribus.

830 2076 1061 2104 TIRESIAS.

1259 2133 1389 2197 Ergo

205 2222 393 2286 Pauper
417 2223 527 2270 eris.

837 2317 954 2344 ULYS
961 2317 1010 2343 SE
1017 2317 1036 2342 S
1043 2335 1051 2344 .

601 2377 795 2424 Fortem
823 2377 914 2424 hoc
940 2376 1151 2422 animum
1177 2373 1379 2421 tolerare
1399 2371 1578 2435 jubebo
1599 2387 1608 2418 :
1686 2371 1755 2419 2⁰

205 2462 268 2509 Et
291 2462 532 2525 quondam
556 2462 736 2525 majora
758 2460 860 2508 tuli.
931 2459 1013 2506 Tu
1037 2467 1278 2523 protenUS,
1304 2457 1433 2503 unde

205 2546 408 2594 Divitias
433 2547 632 2608 aerisque
656 2562 806 2604 ruam,
833 2545 930 2600 dic,
956 2560 1122 2606 augur,
1148 2557 1356 2589 acervos.

828 2639 1061 2667 TIRESIAS.

206 2701 320 2748 Dixi
343 2702 581 2763 equidem,
607 2709 655 2748 et
679 2700 803 2747 dico.
873 2699 1051 2761 Captes
1076 2705 1259 2744 astutus
1282 2694 1458 2757 ubique

206 2786 523 2834 Testamenta
546 2801 715 2833 senum
738 2801 748 2830 ε
785 2799 894 2842 neu,
923 2783 963 2828 si
987 2782 1116 2828 vafer
1141 2796 1264 2827 unus
1288 2787 1335 2826 et
1359 2778 1475 2825 alter

205 2871 543 2918 Insidiatorem
565 2885 771 2932 praeroso
796 2868 982 2930 fugeret
1000 2866 1155 2920 hamo,
1685 2858 1752 2905 25

205 2954 308 3001 Aut
331 2970 464 3017 spem
489 2954 715 3015 deponas,
743 2959 824 2997 aut
849 2958 997 2996 artem
1023 2948 1190 2994 illusus
1214 2944 1419 3023 omittas.

204 3038 388 3102 Magna
411 3037 624 3085 minorve
650 3036 749 3084 foro
774 3035 813 3082 si
837 3050 912 3081 res
937 3031 1196 3080 certabitur
1220 3029 1353 3084 olim,
