1894 3188
195 135 260 184 94

727 130 775 176 Q.
806 127 1046 168 HORATII
1075 125 1283 166 FLACCI

464 256 513 305 N
518 257 649 304 1dum
671 255 819 318 ponit,
846 254 957 316 Ityn
982 253 1202 301 flebiliter
1225 269 1439 317 gemenS‚

462 338 639 385 Infelix
664 337 778 393 avis,
805 344 852 383 et
877 335 1125 398 Cecropiae
1151 336 1321 382 domus

461 421 717 468 AEternum
742 417 1064 481 opprobrium,
1090 415 1218 479 quod
1244 414 1369 462 male
1395 415 1622 463 barbaras

724 500 921 562 Regum
946 506 1019 545 est
1042 498 1142 545 ulta
1163 497 1403 544 libidines.

460 583 646 631 Dicunt
666 581 716 628 in
740 589 906 628 tenero
929 579 1147 643 gramine
1171 578 1424 641 pinguium

462 666 702 714 Custodes
725 665 886 712 ovium
911 664 1126 711 carmina
1149 663 1322 722 fistule,

466 751 816 812 Delectantque
841 750 984 796 deum
1009 748 1089 796 cui
1113 764 1261 811 pecus
1286 755 1334 794 et
1356 746 1481 810 nigri

726 834 888 881 Colles
913 832 1137 880 Arcadiae
1163 832 1371 894 placent.

463 917 726 966 Adduxere
751 918 879 965 sitim
905 925 1131 979 tempora,
1158 915 1333 978 Virgili
1355 931 1365 960 ε

464 1004 563 1051 Sed
585 1018 803 1066 pressum
827 1001 1026 1048 Calibus
1051 1001 1229 1047 ducere
1248 999 1478 1047 Liberum

462 1087 515 1135 Si
539 1086 703 1151 gestis,
724 1086 957 1149 juvenum
982 1084 1216 1132 nobilium
1241 1083 1409 1140 cliens,

725 1171 774 1218 N
780 1171 894 1218 ardo
920 1170 1029 1217 vina
1052 1169 1313 1217 merebere.

457 1256 506 1304 N
511 1256 613 1303 ardi
637 1272 810 1319 parvus
834 1271 962 1318 onyx
986 1255 1148 1302 eliciet
1172 1254 1347 1302 cadum

459 1341 565 1392 Qui
587 1356 720 1387 nunc
746 1339 964 1403 Sulpitiis
989 1339 1195 1386 accubat
1219 1337 1418 1394 horreiS‚

461 1425 583 1488 Spes
607 1424 786 1471 donare
811 1440 956 1470 novas
979 1423 1154 1485 largus,
1182 1435 1436 1483 amaraque

639 1554 662 1561 q
726 1507 965 1554 Curatum
990 1506 1152 1553 eluere
1178 1505 1366 1552 efficax.

461 1592 542 1639 Ad
564 1607 668 1654 quae
693 1591 733 1637 si
756 1605 981 1654 properas
1004 1589 1193 1652 gaudia,
1221 1605 1332 1636 cum
1356 1589 1441 1636 ῐῑιὲι

463 1676 619 1723 Velox
642 1689 802 1721 merce
826 1673 936 1720 veni
957 1689 968 1719 z
1005 1689 1103 1720 non
1128 1689 1218 1736 ego
1243 1683 1289 1719 te
1313 1673 1433 1719 meis

460 1759 733 1807 Immunem
759 1757 962 1804 meditor
986 1757 1174 1820 tingere
1198 1757 1398 1820 poculis,

725 1842 879 1890 Plena
904 1842 1036 1888 dives
1061 1852 1113 1889 ut
1136 1841 1187 1888 in
1213 1842 1368 1889 domo.

461 1926 645 1976 Verum
669 1943 794 1990 pone
819 1943 991 1982 moraS‚
1018 1934 1066 1973 et
1090 1926 1301 1973 studium
1325 1925 1446 1973 lucri
1467 1943 1478 1983 ;

471 2012 826 2075 Nigrorumque
852 2027 1048 2066 memor,
1075 2011 1188 2057 dum
1212 2010 1341 2066 licet,
1367 2009 1568 2073 ignium,

465 2095 629 2144 Misce⁴
646 2095 896 2143 stultitiam
920 2095 1134 2142 consiliis
1160 2095 1350 2141 brevem
1369 2111 1380 2140 ε

726 2179 884 2227 Dulce
908 2188 981 2227 est
1005 2179 1223 2242 desipere
1248 2179 1296 2226 in
1322 2179 1443 2226 loco.

847 2513 988 2560 ODE
1023 2513 1142 2559 XII.

855 2663 920 2693 AD
963 2662 1144 2693 LYCEN.

461 2779 750 2836 Avmvfine,
777 2780 925 2842 Lyce,
951 2778 1000 2825 di
1025 2793 1133 2824 mea
1156 2786 1276 2836 vota,
1293 2778 1351 2824 ·di

464 2865 723 2924 Audivere,
751 2865 881 2927 Lyce
905 2881 913 2910 :
951 2863 1007 2910 fis
1032 2879 1165 2920 anUS,
1191 2870 1238 2908 et
1263 2870 1423 2908 tamen

760 2950 848 2996 Vis
873 2949 1077 2996 formosa
1101 2945 1249 2993 videri
1268 2962 1279 3003 3

692 3033 936 3095 Ludisque
961 3040 1009 3079 et
1034 3030 1155 3078 bibis
1179 3030 1448 3093 impudens.

1776 253 1808 298 0!

1747 661 1806 707 10

1747 1082 1807 1127 15

1743 1502 1808 1549 20

1744 1924 1809 1971 '25
