1894 3188
542 95 951 141 EPISTOLARUM
976 101 1084 143 LIB.
1113 105 1148 145 Ι.

116 214 315 264 Mutatae
339 219 566 282 quatient.
636 222 689 270 Si
713 225 825 286 quid
849 227 1097 290 mirabere,
1121 246 1269 294 pones

115 298 315 350 Invitus.
385 302 521 367 Fuge
545 320 721 369 magna
741 325 754 366 ς
797 310 911 358 licet
934 313 1022 359 sub
1045 330 1254 378 paupere
1278 326 1406 369 tecto

116 381 282 448 Reges
305 394 352 433 et
375 403 541 452 regum
566 389 658 437 vita
682 408 972 454 praecurrere
998 399 1190 447 amicos.

182 468 365 518 Cervus
389 486 562 534 equum
585 477 746 537 pugna
769 479 935 527 melior
959 485 1293 535 communibus
1317 489 1476 540 herbis

115 552 341 614 Pellebat,
368 557 522 605 donec
545 559 699 607 minor
724 561 773 608 in
799 565 1065 613 certamine
1090 567 1233 633 longo

114 635 388 700 Imploravit
411 657 525 705 opes
551 643 774 701 hominis,
803 645 1098 712 fraenumque
1122 655 1330 717 recepit:

114 721 227 782 Sed,
251 732 497 787 postquam
521 727 670 776 victor
695 729 876 790 violens
902 733 1124 783 discessit
1148 738 1207 784 ab
1231 739 1384 799 hoste,

113 803 228 853 Non
252 808 458 870 equitem
483 811 636 869 dorso,
663 828 759 861 non
786 814 983 864 fraenum
1008 819 1188 890 depulit
1210 838 1305 871 ore.

113 888 199 936 Sic
221 890 317 952 qui,
337 894 611 956 pauperiem
635 897 825 958 veritus,
851 901 1034 962 potiore
1059 905 1261 953 metallis

113 971 353 1022 Libertate
377 987 520 1039 caret,
548 980 792 1030 dominum
817 985 956 1032 vehet
979 986 1235 1050 improbus,
1262 1000 1401 1055 atque

113 1056 298 1105 Serviet
322 1062 562 1123 aeternum,
588 1066 698 1128 quia
720 1084 862 1130 parvo
886 1071 1069 1118 nesciet
1101 1073 1185 1122 uti.

111 1139 207 1188 Cui
231 1159 326 1190 non
351 1148 605 1198 conveniet
627 1166 715 1197 sua
738 1168 828 1208 res,
855 1162 907 1200 ut
927 1155 1118 1203 calceus
1142 1158 1268 1219 olim,

110 1223 167 1270 Si
189 1227 310 1288 pede
334 1230 481 1293 major
506 1232 608 1293 erit,
639 1235 878 1284 subvertet
897 1255 908 1296 ;
946 1239 986 1285 si
1010 1241 1177 1302 minor,
1205 1253 1325 1293 uret.

111 1306 273 1356 Laetus
297 1321 420 1360 sorte
445 1317 524 1361 tua
549 1316 675 1364 vives
700 1320 951 1382 sapienter,
979 1324 1129 1372 Aristi
1149 1343 1160 1384 ;

111 1389 222 1439 Nec
245 1409 321 1440 me
345 1397 554 1447 dimittes
579 1400 930 1466 incastigatum‚
956 1407 1037 1454 ubi
1062 1409 1196 1471 plura

109 1473 297 1538 Cogere
321 1478 463 1541 quam
487 1482 600 1531 satis
624 1495 708 1546 est,
733 1504 789 1535 ac
813 1505 909 1536 non
943 1506 1142 1552 cessare,
1169 1494 1377 1545 videbor.

111 1557 320 1622 Imperat
344 1573 424 1611 aut
446 1567 590 1615 servit
613 1570 814 1618 collecta
836 1575 1044 1635 pecunia
1067 1577 1257 1639 cuique,

106 1641 315 1693 Tortum
341 1648 486 1712 digna
509 1653 641 1714 sequi
665 1655 836 1717 potius,
862 1657 1003 1719 quam
1029 1660 1221 1719 ducere,
1248 1663 1424 1715 funem.

177 1726 299 1777 Haec
322 1731 407 1779 tibi
431 1735 667 1785 dictabam
692 1748 797 1801 post
821 1741 983 1789 fanum
1006 1752 1142 1806 putre
1168 1746 1398 1807 Vacunae‚

112 1807 325 1876 Excepto
348 1816 474 1879 quod
497 1836 594 1868 non
618 1822 758 1871 simul
783 1840 926 1886 esseS‚
953 1836 1125 1877 caetera
1146 1830 1294 1880 laetus.

606 2225 944 2280 EPISTOLA
979 2235 1070 2283 XI.

638 2377 705 2408 AD
730 2378 1034 2415 BULLATIUM·

105 2487 246 2541 Qum
271 2488 356 2537 tibi
380 2490 480 2538 visa
502 2490 665 2550 Chios,
691 2494 879 2558 Bullati,
905 2510 1109 2566 notaque
1133 2504 1314 2557 Lesbos
1334 2510 1354 2557 ’ἒ

105 2573 241 2625 Quid
265 2575 505 2623 concinna
528 2577 696 2625 Samos
716 2581 734 2626 Ἰ
771 2583 884 2644 quid
910 2568 1064 2634 Croesi
1088 2590 1221 2653 regia
1244 2593 1411 2644 Sardis
1431 2598 1452 2644 ἲ

107 2657 316 2720 Smyrna
338 2660 467 2722 quid,
493 2670 540 2708 et
564 2661 812 2726 Colophon
835 2668 852 2712 2
890 2668 1069 2733 majora
1092 2673 1335 2725 minorave
1360 2679 1483 2730 fama
1503 2686 1523 2730 'l

105 2740 388 2806 Cunctaque
412 2760 508 2808 prae
532 2745 714 2810 Campo
737 2758 785 2795 et
803 2750 1035 2802 Tiberino
1060 2755 1255 2808 flumine
1279 2765 1512 2815 sordent?

104 2824 185 2872 An
210 2827 339 2874 venit
362 2828 412 2875 in
435 2838 594 2877 votum
618 2831 843 2880 Attalicis
867 2851 926 2883 ex
949 2838 1144 2888 urbibus
1168 2859 1267 2892 una
1286 2847 1306 2892 Ἰ

103 2909 185 2956 An
209 2909 456 2961 Lebedum
478 2914 659 2971 laudaS‚
684 2916 794 2964 odio
817 2920 959 2968 maris
984 2931 1122 2986 atque
1145 2926 1327 2978 viarum
1349 2932 1436 2978 2-

56 3035 59 3038 4
102 2992 211 3041 Scis
233 2994 455 3045 Lebedus
477 2999 589 3060 quid
613 2999 700 3058 sit3
737 3001 904 3051 Gabiis
927 3005 1156 3058 desertior
1178 3020 1320 3075 atque

1545 118 1652 168 203

1583 579 1649 627 35

1579 999 1646 1047 40

1576 1842 1641 1892 50

1599 2856 1632 2903 5
