1894 3188
123 105 227 155 160
411 130 415 134 ‚
653 105 705 152 Q.
734 105 979 146 HORATII
1007 106 1215 148 FLACCI

186 229 427 290 stultitiae,
453 230 658 279 nihilum
682 233 944 280 metuenda
965 232 1181 282 timentis
1203 250 1217 292 ς
1253 243 1306 282 ut
1329 235 1483 299 ignes,

183 312 250 361 Ut
273 330 433 377 rupes,
459 314 722 378 fluviosque
747 317 797 364 in
822 333 992 380 campo
1016 318 1206 366 obstare
1231 328 1455 382 queratur
1477 337 1488 366 :
1666 321 1732 371 55

181 394 414 446 Alterum'
429 408 477 447 et
500 401 615 448 huic
639 402 837 462 varium,
864 411 911 449 et
935 403 1086 451 nihilo
1111 403 1390 467 sapientiUS,
1418 405 1559 469 ignes

179 481 273 530 Per
296 485 479 532 medios
504 485 768 550 fluviosque
792 488 992 535 ruentis.
1063 488 1254 536 Clamet
1278 489 1434 537 amica

177 565 353 625 Mater,
380 570 586 618 honesta
609 587 754 632 soror,
782 589 894 620 cum
919 573 1156 637 cognatiS,
1182 582 1332 636 pater,
1358 590 1510 623 uxor:

179 659 190 680 ‘
210 651 309 700 Hic
334 653 460 701 fossa
482 664 555 702 est
578 655 752 719 ingens
774 655 783 703 !
823 657 903 704 hic
927 674 1070 721 rupes
1093 656 1330 706 maxima!
1370 656 1536 706 serva!
1562 658 1574 681 ’

173 736 289 784 Non
314 737 468 802 magis
493 740 713 797 audierit,
734 740 877 804 quam
903 742 1081 790 Fusius
1105 743 1265 790 ebrius
1288 743 1417 803 olim,
1663 745 1729 792 60

171 821 343 872 Quum
368 823 574 872 Ilionam
599 827 818 886 edormit,
845 827 1063 874 Catienis
1089 827 1217 875 mille
1243 828 1483 885 ducentis,

173 911 183 931 ‘
201 906 378 965 Mater,
406 918 452 956 te
477 911 696 972 appello‚’
721 911 1057 959 clamantibus.
1129 911 1262 960 Huic
1282 929 1374 976 ego
1398 913 1594 976 vulgum

170 990 334 1040 Errori
359 993 564 1042 similem
591 1005 824 1043 cunctum
850 996 1061 1044 insanire
1088 996 1290 1045 docebo.

169 1076 360 1125 Insanit
384 1088 569 1126 veteres
595 1089 778 1128 statuas
802 1080 1126 1144 Damasippus
1149 1081 1371 1128 emendo.

167 1160 365 1226 Integer
390 1174 463 1210 est
487 1164 664 1212 mentis
689 1165 971 1229 Damasippi
997 1165 1205 1213 creditor
1227 1167 1245 1212 'l
1283 1165 1405 1213 Esto
1426 1182 1436 1213 z
1660 1165 1726 1213 65

174 1255 186 1276 ‘
204 1248 394 1311 Accipe
419 1250 545 1311 quod
570 1266 819 1313 nunquam
844 1252 1018 1298 reddas
1041 1251 1192 1314 1nihi‚’
1220 1251 1259 1298 si
1285 1251 1371 1298 tibi
1397 1251 1592 1308 dicam3

167 1331 314 1379 Tune
340 1333 539 1381 insanus
565 1334 659 1382 eris
684 1335 724 1382 si
750 1336 1013 1398 acceperis,
1041 1352 1101 1382 an
1127 1333 1282 1399 magis
1306 1351 1477 1383 excors

165 1415 372 1479 Rejecta
396 1419 557 1480 praeda
582 1436 725 1482 quam
749 1436 963 1483 praesens
988 1420 1264 1468 Mercurius
1289 1420 1380 1468 fert
1400 1422 1419 1466 ‘l

166 1500 339 1548 Scribe
364 1503 535 1550 decem
561 1520 590 1551 a
613 1504 794 1556 Nerio:
832 1521 930 1552 non
956 1514 1029 1551 est
1048 1503 1192 1562 satiS3
1233 1505 1355 1551 adde
1380 1503 1570 1552 Cicutae

111 1607 116 1615 r
163 1584 351 1633 Nodosi
375 1587 563 1634 tabulas
587 1596 785 1635 centurn
806 1605 817 1647 3
855 1589 985 1636 mille
1011 1590 1133 1637 adde
1159 1597 1357 1636 catenas
1379 1605 1391 1636 τ
1659 1589 1725 1636 70

163 1669 378 1733 Effugiet
402 1679 564 1718 tamen
590 1672 694 1719 haec
719 1672 980 1720 sceleratus
1005 1673 1199 1720 vincula
1223 1673 1440 1720 Proteus.

160 1753 333 1805 Quum
357 1756 514 1819 rapies
539 1756 588 1803 in
610 1757 688 1820 jus
713 1757 851 1804 malis
875 1757 1112 1804 ridentem
1135 1757 1322 1814 alienis,

162 1839 273 1888 Fiet
298 1857 427 1903 aper,
453 1840 597 1888 modo
624 1842 736 1901 avis,
764 1842 907 1889 modo
929 1855 1114 1898 saxum,
1141 1851 1204 1898 et,
1231 1858 1379 1903 quum
1404 1841 1547 1898 volet,
1567 1841 1720 1890 arbor.

163 1924 220 1972 Si'
242 1925 363 1971 male
390 1942 489 1972 rem
517 1942 684 1988 gerere
710 1926 868 1973 insani
893 1936 995 1983 est3
1034 1924 1204 1973 contra
1227 1927 1368 1981 bene,
1395 1926 1530 1973 sani:

162 2009 384 2058 Putidius
409 2009 557 2058 multo
583 2011 836 2058 cerebrum
861 2019 948 2070 est,
974 2011 1092 2057 mihi
1117 2012 1277 2068 crede,
1304 2010 1483 2066 Perilli,
1657 2012 1721 2058 75

163 2094 408 2143 Dictantis
432 2096 558 2158 quod
584 2105 635 2144 tu
659 2113 908 2158 nunquam
933 2096 1199 2143 rescribere
1223 2095 1395 2158 possis.

163 2181 366 2240 Audire,
393 2190 534 2244 atque
557 2189 718 2244 togam
739 2181 886 2245 jubeo
911 2197 1217 2243 componere,
1243 2179 1456 2242 quisquis

162 2266 444 2315 Ambitione
469 2266 594 2313 mala
619 2274 702 2312 aut
727 2266 912 2328 argenti
936 2265 1082 2328 pallet
1107 2280 1284 2320 amore,

161 2351 399 2413 Quisquis
421 2350 624 2409 luxuria,
650 2350 831 2397 tristive
852 2349 1205 2413 superstitione,

163 2436 266 2483 Aut
289 2436 383 2482 alio
407 2435 582 2482 mentis
605 2435 771 2482 morbo
795 2435 921 2481 calet
941 2451 951 2492 ;
990 2435 1086 2481 huc
1109 2431 1301 2497 propius
1326 2449 1420 2488 me,
1651 2433 1717 2480 80

162 2519 290 2567 Dum
318 2520 469 2567 doceo
494 2519 705 2566 insanire
728 2535 913 2574 omnes,
939 2534 1020 2565 vos
1043 2517 1211 2565 ordine
1237 2517 1381 2564 adite.

164 2603 339 2653 Danda
362 2612 434 2651 est
458 2604 654 2651 ellebori
678 2602 828 2650 multo
853 2618 962 2664 pars
986 2602 1195 2648 maxima
1219 2601 1371 2648 avaris
1392 2617 1403 2646 ε

164 2687 348 2736 Nescio
373 2703 433 2733 an
459 2687 745 2749 Anticyram
769 2686 890 2732 ratio
914 2685 1006 2732 illis
1031 2685 1239 2731 destinet
1261 2699 1470 2732 omnem.

166 2771 399 2819 Haeredes
425 2771 614 2818 Staberi
639 2786 875 2817 summam
900 2769 1113 2816 incidere
1134 2768 1381 2831 sepulcro:

164 2856 233 2904 Ni
257 2855 327 2902 sic
353 2855 593 2914 fecissent,
620 2854 937 2917 gladiatorum
958 2854 1071 2900 dare
1097 2861 1292 2900 centum
1645 2850 1712 2897 85

165 2938 393 2987 Damnati
417 2939 591 3001 populo
615 2938 760 3000 paria,
788 2946 928 2999 atque
952 2937 1146 2999 epulum
1171 2934 1367 2982 arbitrio
1390 2933 1519 2992 Arri,

164 3022 417 3071 Frumenti
440 3031 672 3085 quantum
696 3020 833 3068 metit
857 3020 1042 3067 Africa.
1115 3028 1127 3049 ⁶
1146 3019 1258 3066 Sive
1283 3033 1373 3082 ego
1395 3016 1558 3081 prave,
