1894 3188
588 91 898 132 CARMINUM
925 91 1032 130 LIB.
1061 90 1117 130 ΙΙ.

322 220 505 269 Audire
529 234 728 281 magnos
747 218 845 281 jam
869 217 1030 264 videor
1055 216 1202 262 duces

323 305 437 352 Non
461 304 687 350 indecoro
709 303 902 365 pulvere
927 300 1159 356 sordidos,

386 388 448 435 Et
473 396 647 434 cuncta
671 395 902 433 terrarum
927 386 1128 432 subacta

451 472 628 518 Praeter
654 479 861 518 atrocem
887 470 1098 516 animum
1123 466 1337 515 Catonis·

325 556 354 603 J
360 572 468 615 uno,
493 564 541 602 et
565 556 761 602 deorum
785 554 996 623 quisquis
1020 552 1219 600 amicior

329 639 460 687 Afris
485 639 637 687 inulta
661 648 872 686 cesserat
896 639 1131 700 impotens

390 723 602 782 Tellure,
629 723 858 769 victorum
879 730 1075 784 nepotes

456 807 644 855 Retulit
667 806 861 853 inferias
886 805 916 852 J
920 806 1152 868 ugurthae.

329 890 456 942 Quis
480 908 592 947 non,
618 890 791 937 Latino
816 891 1048 953 sanguine
1073 889 1309 953 pinguior,

329 975 540 1037 Campus
566 974 795 1037 sepulcris
819 974 964 1036 impia
986 974 1152 1037 proelia

392 1059 635 1114 Testatur,
662 1058 971 1120 auditumque
991 1058 1150 1105 Medis

457 1142 703 1204 Hesperiae
729 1143 934 1189 sonitum
959 1142 1107 1189 ruinae
1130 1143 1148 1188 ‘l

330 1226 433 1277 Qui
456 1242 643 1289 gurges,
671 1234 751 1272 aut
774 1242 876 1287 quae
901 1226 1100 1272 flumina
1123 1226 1336 1289 lugubris

330 1310 505 1373 Ignara
528 1309 675 1355 belli?
713 1310 836 1370 quod
861 1326 989 1356 mare
1014 1292 1218 1356 Dauniae

395 1393 509 1441 Non
534 1391 865 1440 decoloravere
890 1394 1085 1440 caedes‘!

460 1476 588 1528 Quae
613 1485 743 1523 caret
766 1493 849 1523 ora
873 1493 1040 1524 cruore
1064 1485 1225 1524 nostro
1245 1479 1264 1522 ’ἔ

335 1562 431 1610 Sed
456 1578 532 1621 ne,
558 1562 753 1618 relictis,
781 1561 922 1608 Musa
954 1578 1145 1624 procax,
1167 1562 1302 1625 jocis,

334 1646 446 1694 Ceae
471 1654 698 1693 retractes
722 1662 921 1693 munera
944 1646 992 1693 N
998 1646 1161 1694 aeniae:

397 1730 593 1778 Mecum
617 1730 817 1778 Dionaeo
842 1731 929 1777 sub
954 1739 1091 1778 antro

462 1815 643 1867 Quaere
668 1816 832 1863 modos
854 1814 1028 1862 leviore
1052 1815 1245 1878 plectro.

753 2148 891 2195 ODE
927 2147 994 2195 ΙΙ.

532 2300 597 2330 AD
634 2298 850 2329 CRISPUM
891 2298 1214 2330 SALLUSTIUM.

405 2418 453 2465 N
457 2433 608 2465 ULLUs
635 2424 831 2479 argento
855 2415 982 2462 color
1001 2424 1072 2463 est
1096 2415 1246 2463 avaris
1285 2469 1290 2481 Ι

401 2502 580 2549 Abdito
603 2501 752 2559 terris,
779 2500 972 2547 inimice
996 2500 1166 2547 lamnae

407 2586 574 2650 Crispe
600 2585 807 2643 Sallusti,
835 2585 927 2631 nisi
951 2593 1211 2647 temperato

731 2669 992 2731 Splendeat
1015 2685 1120 2716 usu.

408 2753 550 2801 Vivet
572 2761 763 2800 extento
787 2752 1066 2800 Proculeius
1091 2768 1202 2811 aevo,

406 2837 636 2912 Notuqin
663 2838 827 2884 fratres
852 2836 998 2882 animi
1021 2835 1205 2898 paterni
1227 2853 1238 2881 z

407 2922 548 2970 Illum
573 2932 682 2985 aget
704 2920 864 2983 penna
888 2928 1129 2967 metuente
1154 2919 1268 2968 solvi

732 3004 882 3052 Fama
901 3012 1153 3067 superstes.

1593 89 1651 136 31

1592 548 1656 595 25

1598 971 1662 1017 30

1606 1814 1669 1860 40

1647 2755 1678 2801 υτ
