1894 3188
632 74 947 118 CARMINUM
981 79 1088 119 LIB.
1122 83 1155 122 Ι.

357 204 571 250 Examen
597 203 712 250 Eois
737 203 1002 252 timendum

422 287 655 345 Partibus,
682 286 980 350 Oceanoque
1014 289 1201 338 Rubro.

290 371 428 417 Eheu
451 369 460 416 ἔ
498 370 778 418 cicatricum
803 381 851 418 et
874 374 1068 420 sceleris
1091 375 1255 436 pudet,

246 478 247 481 ¹
290 453 618 516 Fratrumque.
687 455 824 505 Quid
849 473 936 504 nos
961 458 1080 504 dura
1104 459 1367 522 refugimus

293 553 307 562 ⁸
355 538 532 585 lEtas?
570 539 683 600 quid
708 540 941 588 intactum
967 542 1141 589 nefasti
1232 608 1238 612 μ

423 621 671 684 Liquimus
695 626 711 668 Ἰ
749 625 877 671 unde
902 642 1096 674 manum
1117 627 1342 690 juventus

288 706 428 752 Metu
453 707 649 754 deorum
674 708 945 756 continuit?
984 711 1155 772 quibus

287 791 506 852 Pepercit
530 791 622 838 aris
645 794 720 838 1³..
741 830 750 839 .
777 794 822 840 Ο
847 794 1032 842 utinam
1057 798 1177 843 nov&

352 875 537 921 Incude
564 876 785 940 diffingas
809 888 1022 926 retusum
1047 880 1097 927 in

417 958 714 1024 Massagetas
739 963 1018 1026 Arabasque
1052 965 1228 1013 ferrum
1250 966 1260 1012 l

708 1383 848 1430 ODE
884 1386 1053 1433 XXX.
1141 1407 1161 1432 ι.-
1180 1406 1185 1409 ·
1207 1390 1329 1453 47(

404 1488 410 1493 1.
1196 1452 1321 1480 w

415 1511 431 1555 ἒ
572 1533 637 1564 AD
673 1534 897 1566 PLOTIUM
933 1536 1192 1568 NUMIDAM.

602 1652 678 1698 ΕΤ
703 1652 842 1699 thure
869 1662 917 1700 et
941 1654 1114 1702 fidibus
1135 1656 1269 1718 juvat

341 1733 555 1792 Placare,
581 1744 629 1782 et
651 1736 787 1783 vituli
811 1738 1045 1800 sanguine
1070 1740 1232 1787 debito

608 1820 844 1867 Custodes
869 1822 1097 1870 Numidae
1123 1824 1261 1880 deos,-

334 1901 441 1951 Qui
466 1919 596 1951 nunc
622 1905 857 1968 Hesperi&
882 1923 1044 1970 sospes
1070 1909 1129 1954 ab
1155 1908 1318 1955 ultim&

604 1988 746 2035 Caris
770 1991 920 2037 multa
943 1992 1203 2047 sodalibus,

344 2058 478 2117 Nulli
502 2071 638 2134 plura
661 2081 820 2120 tamen
846 2074 1014 2121 dividit
1042 2076 1222 2131 oscula,

600 2155 768 2206 Quem
794 2158 923 2204 dulci
948 2158 1129 2206 Lamiae
1150 2176 1161 2216 3
1199 2175 1379 2207 memor

339 2242 477 2285 Actae
504 2256 599 2286 non
626 2240 717 2287 alio
742 2257 853 2304 rege
877 2243 1093 2304 puertiae,

602 2323 896 2387 Mutataeque
917 2326 1056 2373 simul
1081 2336 1219 2391 togae.

337 2406 511 2452 Cressa}
535 2423 596 2454 ne
622 2417 783 2455 careat
805 2410 1006 2471 pulchra
1029 2412 1131 2459 dies
1155 2416 1297 2471 not313

595 2492 708 2539 Neu
731 2503 958 2557 promptae
984 2497 1154 2544 modus
1179 2498 1417 2562 amphorae
1438 2516 1448 2544 ε

333 2572 446 2620 Neu
472 2562 649 2623 morefn
674 2576 724 2623 in
751 2579 933 2627 Salium
958 2581 1018 2627 sit
1041 2582 1228 2644 requies
1246 2584 1424 2646 pedum
1445 2601 1454 2629 :

595 2661 707 2708 Neu
732 2663 868 2709 multi
892 2664 1110 2713 Damalis
1134 2668 1253 2714 meri

331 2741 531 2790 Bassum
552 2745 785 2793 Threicii}
809 2747 970 2795 vincat
994 2751 1228 2812 amystide
1249 2769 1260 2797 ι

590 2829 702 2876 Neu
723 2831 879 2878 desint
903 2834 1056 2895 epulis
1079 2851 1213 2895 rosae,

326 2909 440 2957 Neu
464 2911 600 2960 vivax
624 2914 798 2976 apium,
820 2931 916 2963 neu
941 2917 1084 2966 breve
1107 2920 1274 2968 lilium.

1632 90 1702 137 27·

1632 970 1698 1017 40

1619 2416 1678 2462 10

1612 2840 1671 2885 15
