1894 3188
649 69 963 113 cARMINUM
988 74 1706 138 LIB.1.13

654 445 721 476 AD
757 448 1135 485 REMPUBLICAM.

359 576 407 624 O
430 562 594 647 NAMQ
619 580 827 631 referent
849 584 900 632 in
924 602 1053 635 mare
1077 597 1124 636 te
1148 591 1257 656 ngvi

361 659 558 710 Fluctus
580 663 590 709 !
628 664 674 712 O
698 667 808 728 quid
836 669 938 732 agis
959 661 979 717 ’ἓ
1015 671 1222 722 Fortiter
1245 692 1428 741 occupa

300 797 338 811 ..
684 749 893 800 Portum
963 755 1141 804 Nonne
1165 759 1297 807 vides
1320 771 1372 809 ut

522 875 583 910 ι
586 832 820 886 Nudum
843 839 1044 903 remigio
1067 841 1207 900 latus,

356 911 418 959 Et
441 882 594 963 malus
618 918 763 966 celeri
788 895 980 971 saugus
999 925 1183 984 Africo,
1362 973 1366 978 .
1658 937 1690 981 5

355 997 688 1074 Antennaeque
711 1015 922 1066 gemant,
949 1024 1006 1055 ae
1030 1009 1133 1058 sine
1170 1011 1362 1087 funibus

502 1071 504 1073 .
626 1081 634 1089 ’
681 1087 777 1136 Vix
801 1090 971 1139 durare
995 1094 1172 1142 oarinae
1260 1080 1263 1083 .

615 1169 842 1220 Possint'
830 1190 980 1252 irnper
959 1153 1129 1226 lougius

286 1306 333 1316 -
353 1249 532 1311 AEquor
553 1254 572 1297 ’Ξ
608 1253 723 1301 Non
747 1256 834 1304 tibi
853 1269 965 1307 sunt
988 1260 1176 1325 integra
1196 1264 1360 1327 lintea,

292 1349 322 1366 ⁴-
348 1332 461 1381 Non
485 1335 534 1382 d1
556 1352 673 1398 quos
696 1339 868 1389 iterum
892 1359 1055 1405 pressa
1077 1362 1218 1395 voces
1241 1351 1392 1399 malo:
1625 1359 1685 1404 10

671 1422 910 1473 Quamvis
934 1427 1137 1478 Pontica
1157 1433 1312 1495 pinus.

606 1505 747 1554 Silvae
770 1509 868 1558 filia
902 1512 1090 1574 nobilis,

339 1585 371 1631 J
375 1594 503 1634 actes
526 1595 574 1635 et
595 1605 750 1652 genus
774 1601 822 1640 et
844 1611 1021 1644 nomen
1046 1598 1230 1649 inutile.

340 1654 424 1717 Nil
448 1671 588 1734 pictis
612 1674 808 1724 timidus
831 1680 992 1728 navita
1013 1684 1251 1752 Rupflibus

670 1759 815 1809 Fidit.
888 1763 983 1825 Tu,
1011 1767 1103 1814 nisi
1129 1771 1283 1818 ventis
1616 1779 1675 1824 15

599 1841 762 1892 Debes
784 1846 1058 1911 ludibrium,
1085 1868 1216 1900 cave.

336 1921 504 1986 Nuper
527 1926 784 1976 sollicitum
806 1948 912 1993 quae
934 1934 1054 1982 mihi
1078 1935 1289 2009 tQum,

334 2005 384 2051 N
387 2022 483 2055 unc
507 2009 812 2070 desiderium,
839 2031 1048 2080 curaque
1073 2036 1170 2068 non
1194 2022 1322 2082 levis

659 2095 900 2147 Interfusa
922 2101 1130 2149 nitentes

590 2178 727 2226 Vites
746 2196 935 2243 aequora
954 2184 1206 2247 Cycladas.
1602 2199 1666 2246 20

693 2635 833 2685 ODE
867 2640 1014 2689 ΧΙΠ.
1464 2669 1523 2727 *1²-
1568 2697 1571 2699 ,

318 2779 472 2812 NEREI
509 2782 809 2819 VATICINIUM
843 2790 910 2821 DE
948 2792 1155 2826 Excmlo
1181 2796 1372 2830 TROJAE·

313 2872 514 2947 PAsmon
535 2917 681 2964 quum
705 2906 913 2954 traheret
935 2925 1019 2972 per
1043 2911 1162 2961 freta
1184 2916 1386 2965 navibus

310 2979 452 3029 Idaeis
476 2983 698 3034 Helenen
719 2990 929 3052 perfidus
952 2994 1202 3059 hospitam,

692 3073 724 3120 2
