1894 3188
103 129 202 182 176
624 127 676 175 Q.
706 126 947 168 HORATII
985 127 1192 170 FLACCI

165 255 538 317 Autumnusque
561 254 733 318 gravis,
759 254 984 303 Libitinae
1009 227 1218 319 quaestus
1242 256 1447 306 acerbae.

231 340 471 404 Matutine
494 348 643 404 pater,
670 356 754 388 seu
779 340 810 387 J
814 356 903 388 ane
927 340 1155 390 libentius
1179 342 1333 400 audiS,
1645 343 1711 393 20

162 425 304 475 Unde
329 425 548 474 homines
571 442 770 489 operum
793 426 971 489 primos
995 426 1196 490 vitaeque
1220 427 1409 475 labores

163 511 444 572 Instituunt,
469 510 540 559 sic
564 511 637 558 dis
661 511 908 574 placitum,
934 521 986 559 tu
1011 512 1238 560 carminis
1262 521 1365 561 esto

161 596 475 660 Principium.
544 596 717 645 Romae
742 613 1018 660 sponsorem
1042 613 1119 645 me
1143 598 1285 661 rapis.
1357 605 1387 628 “
1408 596 1500 646 Eia
1521 596 1531 644 !

160 681 240 730 Ne
263 682 390 745 prior
414 681 572 730 officio
595 681 844 745 quisquam
869 683 1170 745 respondeat,
1197 682 1366 747 urge.”

162 766 274 814 Sive
299 765 476 829 Aquilo
499 766 625 814 radit
646 775 815 827 terras,
842 783 927 814 seu
952 767 1122 815 bruma
1145 767 1354 815 nivalem
1642 767 1709 816 25

160 852 396 900 Interiore
421 851 549 898 diem
573 867 690 915 gyro
713 851 872 909 trahit,
898 852 968 899 ire
992 867 1192 899 necesse
1222 860 1310 899 est.

160 936 436 994 Postmodo,
461 937 588 999 quod
611 937 679 984 mi
703 936 843 994 obsit,
869 936 999 985 clare
1025 936 1301 1000 certumque
1332 937 1509 994 locuto,

160 1022 472 1070 Luctandum
495 1022 547 1068 in
570 1022 707 1069 turba
728 1038 741 1079 3
779 1021 1003 1069 facienda
1025 1021 1201 1085 injuria
1223 1022 1390 1069 tardis.

162 1114 192 1137 “
212 1105 351 1158 Quid
374 1106 459 1166 vis,
485 1105 654 1153 insane
676 1107 694 1152 ‘3
731 1114 780 1153 et
803 1121 919 1168 quas
943 1122 1018 1153 res
1044 1106 1148 1170 agis
1170 1108 1234 1153 '3''
1272 1106 1516 1170 improbus
1539 1115 1679 1172 urget

159 1190 302 1239 Iratis
325 1191 547 1254 precibus
568 1207 579 1249 ς
619 1198 718 1238 “tu
741 1190 903 1253 pulses
927 1206 1068 1238 omne
1093 1191 1218 1253 quod
1243 1191 1413 1252 obstat,
1642 1191 1708 1240 30

159 1277 240 1325 Ad
265 1276 589 1324 Maecenatem
612 1275 813 1322 memori
837 1275 876 1322 si
901 1284 1062 1322 mente
1084 1275 1354 1323 recurras-'²

160 1361 270 1410 Hoc
290 1362 424 1426 juvat
447 1370 495 1408 et
518 1360 647 1408 melli
671 1368 759 1416 est,
786 1376 883 1407 non
907 1359 1127 1407 mentiar.
1196 1360 1281 1417 At,
1307 1359 1447 1408 simul
1473 1368 1601 1408 atras

158 1446 373 1494 Ventum
397 1454 470 1493 est
493 1444 746 1507 Esquilias,
774 1444 932 1491 aliena
955 1444 1150 1508 negotia
1173 1452 1370 1492 centum

158 1530 251 1578 Per
275 1537 419 1593 caput
441 1537 490 1576 et
512 1514 656 1576 circa
667 1528 844 1575 saliunt
866 1527 1005 1574 latus.
1077 1535 1108 1556 “
1129 1528 1262 1575 Ante
1294 1527 1559 1577 secundam

157 1614 369 1663 Roscius
392 1609 558 1661 orabat
581 1612 672 1659 sibi
697 1613 889 1659 adesses
914 1612 974 1658 ad
998 1596 1166 1659 Puteal
1187 1593 1348 1659 'crasff''
1639 1613 1705 1661 35

159 1707 191 1730 “
212 1699 286 1747 De
311 1715 361 1746 re
386 1696 631 1746 communi
656 1696 825 1744 scribae
850 1696 1030 1759 magna
1056 1704 1196 1758 atque
1220 1696 1345 1744 nova
1368 1704 1418 1744 te

157 1784 376 1833 Orabant
399 1782 542 1830 hodie
566 1781 883 1837 meminisses,
909 1780 1114 1837 Quinte,
1140 1780 1359 1828 reverti.''

159 1878 189 1899 “
205 1869 457 1932 Imprimat
481 1866 571 1923 his,
597 1882 728 1922 cura,
755 1865 1003 1913 Maecenas
1028 1865 1167 1929 signa
1189 1864 1424 1912 tabellis.”

154 1953 362 2013 Dixeris,
390 1960 420 1982 “
438 1951 670 2014 Experiar
690 1951 717 1972 ''
737 1967 748 1996 :
787 1958 817 1980 ‘⁶
840 1950 893 1997 Si
917 1950 1004 2006 vis,
1028 1950 1210 2013 potes,''
1239 1949 1372 1998 addit
1392 1957 1442 1997 et
1464 1949 1625 1998 instat.

156 2038 399 2102 Septimus
422 2045 591 2085 octavo
614 2034 803 2098 propior
823 2034 922 2098 jam
948 2034 1123 2097 fugerit
1146 2050 1315 2094 annus,
1638 2034 1704 2082 40

154 2122 231 2171 Ex
254 2139 346 2186 quo
370 2122 621 2170 Maecenas
644 2136 721 2167 me
747 2119 890 2182 coepit
914 2119 1091 2165 habere
1115 2134 1310 2166 suorum

155 2207 216 2255 In
239 2223 457 2263 numero,
482 2207 715 2253 duntaxat
739 2205 798 2251 ad
824 2205 929 2263 hoc,
952 2219 1098 2273 ‚quern
1121 2203 1287 2250 tollere
1311 2202 1461 2250 rheda

155 2292 331 2348 Vellet,
357 2292 446 2339 iter
470 2290 669 2346 faciens,
696 2297 744 2336 et
767 2288 847 2336 cui
873 2275 1165 2335 concredere
1189 2302 1344 2350 nugas

154 2376 265 2426 Hoc
289 2393 443 2440 genus
464 2393 475 2423 ι
524 2384 555 2405 “
576 2374 712 2423 Hora
735 2382 877 2436 quota
900 2381 972 2420 est
993 2374 1011 2419 Ἰ
1059 2372 1228 2420 Thrax
1251 2380 1324 2419 est
1357 2370 1551 2420 Gallina
1575 2371 1699 2434 Syro

287 2477 372 2524 par
390 2462 409 2507 ’ἒ

154 2544 398 2592 Matutina
420 2559 592 2607 parum
615 2550 782 2591 cautos
802 2542 900 2606 jam
925 2541 1101 2605 frigora
1123 2541 1345 2589 mordent
1365 2556 1377 2587 :
1394 2539 1422 2561 ”
1637 2540 1702 2587 45

153 2629 219 2678 Et
240 2645 345 2692 quae
369 2629 543 2676 rimosa
567 2628 690 2674 bene
715 2627 1019 2690 deponuntur
1045 2626 1095 2673 in
1121 2641 1250 2673 aure.

153 2713 246 2761 Per
270 2721 422 2760 toturn
445 2713 538 2760 hoc
561 2720 750 2774 tempus
774 2710 1031 2774 subjectior
1056 2709 1107 2757 in
1132 2709 1261 2757 diem
1285 2716 1335 2756 et
1360 2708 1525 2757 horam

153 2796 372 2845 Invidiae.
441 2804 471 2826 “
494 2796 671 2844 Noster
694 2795 832 2844 ludos
856 2802 1153 2859 spectaverat
1174 2795 1306 2852 una3

152 2880 358 2929 Luserat
380 2880 430 2928 in
454 2896 653 2943 campo3
689 2879 916 2928 Fortunae
940 2879 1097 2938 filius3
1120 2879 1147 2901 ''
1184 2894 1367 2927 omnes.

153 2963 380 3028 Frigidus
404 2981 433 3012 a
454 2964 645 3012 Rostris
669 2972 832 3011 manat
853 2980 938 3027 per
957 2963 1166 3026 compita
1188 2977 1378 3011 rumor:
1630 2960 1698 3008 50

150 3047 449 3112 Quicunque
472 3048 641 3097 obvius
664 3056 738 3096 est
759 3064 836 3096 me
861 3047 1100 3096 consulit:
1138 3055 1170 3078 ‘⁶
1191 3046 1238 3095 O
1261 3046 1402 3106 bone,
1427 3059 1540 3093 nam
1562 3051 1613 3092 te
