1894 3188
610 110 845 151 EPODON
884 109 1070 149 LIBER.

304 237 533 284 Incoctus
556 236 718 283 herbis
742 252 817 283 me
843 235 1045 284 fefellit?
1083 251 1144 281 an
1168 235 1321 282 malas

539 320 749 367 Canidia
771 320 991 368 tractavit
1014 319 1201 381 dapes?

306 405 371 453 Ut
395 405 703 468 Argonautas
725 414 896 467 praeter
920 419 1087 452 omnes
1111 403 1373 450 candidum

538 487 718 536 Medea
741 488 913 535 mirata
934 497 1006 535 est
1031 488 1222 543 ducem,

309 572 482 636 Ignota
504 572 653 619 tauris
677 572 970 635 illigaturum
992 572 1125 635 juga,

540 656 771 703 Perunxit
795 657 886 703 hoc
911 656 941 702 J
946 671 1172 703 asonem:

311 739 419 786 Hoc
442 739 668 787 delibutis
692 741 792 788 ulta
814 740 952 788 donis
975 740 1214 802 pellicem,

543 825 777 888 Serpente
802 825 925 889 fugit
949 825 1076 872 alite.

311 907 420 954 Nec
443 916 604 955 tantus
628 926 839 971 unquam
864 909 1076 956 siderum
1100 907 1276 955 insedit
1298 922 1440 970 vapor

540 992 811 1040 Siticulosae
838 992 1030 1055 Apuliae
1052 1009 1063 1050 ;

312 1073 421 1122 Nec
445 1091 621 1123 munus
646 1077 859 1124 humeris
883 1076 1096 1124 efficacis
1121 1075 1349 1124 Herculis

542 1160 721 1208 Inarsit
744 1159 1009 1209 aestuosius.

721 1491 864 1540 ODE
899 1492 989 1540 IV.

707 1643 763 1674 IN
798 1642 1002 1674 MENAM.

302 1761 470 1809 ›Lums
493 1770 542 1807 et
566 1759 704 1824 agnis
727 1768 906 1823 quanta
930 1759 1097 1808 sortito
1130 1761 1316 1825 obtigit,

544 1844 736 1892 Tecum
760 1844 879 1892 mihi
904 1845 1145 1893 discordia
1168 1855 1255 1904 est,

317 1928 519 1977 Ibericis
540 1938 733 1991 peruste
759 1929 954 1977 funibus
978 1930 1123 1986 latus,

324 1994 453 2013 ”imm
545 2012 611 2059 Et
633 2029 774 2060 crura
799 2013 918 2059 dura
942 2013 1190 2076 compede.

317 2094 459 2143 Licet
483 2096 715 2158 superbus
740 2095 955 2143 ambules
978 2096 1202 2159 pecunia,

323 2168 341 2175 ‘¹
357 2170 369 2174 '⁴
389 2169 393 2173 ⁸
410 2168 428 2174 '¹
550 2178 767 2226 Fortuna
789 2195 886 2226 non
911 2188 1065 2226 mutat
1088 2196 1255 2243 genus,

319 2264 552 2320 Videsne,
578 2279 764 2311 sacram
787 2264 1016 2310 metiente
1040 2272 1087 2310 te
1113 2264 1238 2311 viam

550 2347 677 2395 Cum
701 2348 775 2395 bis
799 2355 871 2394 ter
895 2347 1119 2395 ulnarum
1145 2351 1270 2412 toga,

318 2432 382 2481 Ut
404 2448 489 2480 ora
511 2441 666 2480 vertat
689 2432 785 2480 huc
808 2440 856 2479 et
880 2432 976 2479 huc
999 2432 1214 2480 euntium
1255 2447 1261 2451 “

550 2516 818 2564 Liberrima
842 2516 1110 2579 indignatio
1130 2519 1149 2563 ‘l
1247 2496 1254 2505 ⁸

321 2602 494 2649 Sectus
518 2600 720 2665 flagellis
744 2601 826 2648 hic
850 2601 1270 2658 Triumviralibus,

550 2685 794 2734 Praeconis
818 2686 880 2732 ad
905 2685 1179 2744 fastidium„

321 2770 444 2817 Arat
468 2769 663 2817 Falerni
687 2770 816 2817 mille
841 2769 978 2817 fundi
998 2770 1184 2833 jugera,

551 2854 614 2901 Et
637 2854 848 2917 Appiam
872 2854 1062 2900 mannis
1086 2854 1196 2901 terit
1216 2870 1228 2899 ε

320 2937 656 3000 Sedilibusque
679 2952 884 3000 magnus
907 2937 958 2983 in
982 2936 1148 2999 primis
1172 2953 1330 3000 equeS,

551 3021 747 3070 Othone
771 3029 1064 3085 contempto,
1091 3022 1239 3069 sedet.

1550 108 1648 157 103

1591 484 1652 531 10

1595 906 1655 952 15

1609 2519 1669 2565 10

1611 2938 1670 2985 15
