1894 3188
557 77 966 121 EPISTOLARUM
1000 77 1109 120 LIB.
1136 78 1171 119 1.
1567 82 1666 133 199

199 207 433 255 Strenuus
455 213 504 253 et
527 204 674 265 fortiS‚
699 205 951 269 causisque
976 204 1223 268 Philippus
1247 204 1446 271 agendis
1598 205 1666 254 45

136 290 320 345 Clarus,
346 290 406 336 ab
427 289 595 337 officiis
616 298 836 338 octavam
860 289 1051 338 circiter
1076 290 1243 337 horam

133 374 263 422 Dum
286 372 424 428 redit,
450 378 585 432 atque
610 373 711 422 foro
733 372 936 421 nimium
961 373 1136 421 distare
1160 373 1363 423 Carinas

136 458 167 504 J
170 475 248 505 am
271 455 466 521 grandis
488 461 604 501 natu
627 457 851 516 queritur,
877 459 1140 522 conspexit,
1166 467 1219 506 ut
1250 459 1399 517 aiunt,

136 542 375 589 Adrasum
397 538 636 602 quendam
660 543 805 590 vacua
827 542 1031 591 tonsoris
1054 543 1105 590 in
1128 543 1313 601 umbra,

136 625 343 674 Cultello
366 623 578 687 proprios
599 628 878 686 purgantem
902 627 1074 675 leniter
1098 643 1301 691 ungues,
1597 628 1665 677 50

138 719 168 740 ‘⁴
187 708 447 768 Demetri‚’'
477 705 616 771 (puer
640 706 720 754 hic
743 722 840 754 non
864 710 975 760 heve
995 712 1129 776 jussa
1151 711 1360 776 Philippi

137 793 465 858 Accipiebat,)
494 800 524 822 ‘⁶
542 791 651 849 abi3
687 806 845 854 quaere
868 798 918 838 et
939 796 1071 857 refer,
1096 797 1226 844 unde
1249 797 1405 858 domo,
1428 796 1550 861 quis,

135 879 287 942 Cujus
311 877 509 926 fortunae
530 892 544 934 3
579 891 672 938 quo
696 875 756 923 sit
779 883 928 938 patre,
954 891 1100 937 quove
1121 880 1368 944 patr0n0‚”

135 963 196 1019 It,
222 962 356 1021 redit,
382 970 430 1009 et
452 969 643 1008 narrat:
680 959 926 1007 Vulteium
950 959 1145 1007 nomine
1166 965 1379 1026 Menam,

134 1047 427 1102 Praeconem,
453 1044 587 1092 tenui
611 1060 776 1104 censu,
802 1044 906 1091 sine
930 1043 1132 1092 crimine
1155 1054 1344 1109 notum;
1598 1051 1664 1099 55

134 1131 197 1178 Et
218 1145 469 1194 properare
493 1130 612 1188 loco,
638 1137 686 1176 et
708 1144 910 1188 cessare,
935 1136 984 1175 et
1006 1144 1234 1191 quaerere,
1258 1139 1307 1178 et
1328 1133 1412 1190 uti,

130 1216 436 1263 Gaudentem
459 1213 707 1276 parvisque
732 1212 972 1260 sodalibus
995 1221 1043 1260 et
1066 1212 1164 1260 lare
1189 1221 1336 1275 certo,

134 1298 197 1345 Et
219 1297 359 1352 ludis,
385 1304 446 1355 et,
471 1303 576 1358 post
599 1295 763 1342 decisa
784 1294 994 1357 negotia,
1019 1294 1216 1358 Campo.

130 1386 158 1407 “
180 1380 354 1428 Scitari
378 1380 493 1426 libet
514 1395 574 1426 ex
597 1379 698 1441 ipso
722 1394 1017 1440 quaecunque
1040 1378 1189 1426 refers
1209 1395 1221 1425 :
1257 1378 1337 1427 dic

132 1465 212 1512 Ad
236 1480 424 1511 coenam
449 1462 658 1510 veniat.”
725 1462 840 1509 Non
864 1461 978 1508 sane
1003 1462 1198 1509 credere
1222 1462 1401 1512 Mena:
1600 1469 1664 1517 60

128 1549 298 1598 Mirari
321 1564 484 1595 secum
508 1547 696 1595 tacitus.
764 1546 901 1597 Quid
925 1546 1111 1595 multa?
1149 1555 1179 1577 “
1195 1547 1464 1614 Benigne‚”

131 1633 428 1695 Respondet.
477 1639 507 1661 “
523 1631 686 1695 Neget
709 1630 788 1679 ille
808 1631 925 1678 mihi
943 1633 961 1677 2
979 1631 1010 1654 ’²
1048 1631 1255 1696 “Negat
1273 1633 1532 1697 improbus,
1547 1645 1597 1685 et
1614 1645 1661 1685 te

133 1717 363 1780 Negligit,
389 1724 471 1764 aut
494 1716 700 1764 horret.’'
771 1715 1020 1763 Vulteium
1043 1715 1186 1764 mane
1211 1716 1458 1782 Philippus

131 1801 260 1848 Vilia
281 1801 567 1847 vendentem
590 1799 808 1847 tunicato
831 1807 992 1847 scruta
1017 1800 1204 1862 popello

131 1884 367 1946 Occupat,
392 1891 440 1929 et
463 1883 642 1929 salvere
661 1883 797 1946 jubet
820 1883 962 1945 prior.
1032 1883 1121 1929 Ille
1145 1883 1373 1946 Philippo,
1594 1888 1658 1935 65

130 1968 373 2015 Excusare
397 1966 605 2013 laborem
629 1974 676 2013 et
699 1965 994 2013 mercenaria
1028 1966 1201 2022 vincla,
1447 1977 1451 1982 ’

124 2052 276 2104 Quod
300 2067 396 2098 non
419 2049 558 2097 mane
583 2050 775 2097 domurn
798 2049 1037 2106 venissetr,
1073 2050 1294 2113 denique,
1318 2053 1444 2114 quod
1467 2069 1564 2104 non

129 2135 415 2184 Providisset
432 2150 558 2181 eum.
629 2138 655 2159 “
673 2133 756 2181 Sic
780 2133 1016 2196 ignovisse
1035 2142 1201 2197 putato

130 2220 215 2267 Me
237 2220 337 2278 tibi,
363 2219 402 2266 si
422 2234 583 2266 coenas
606 2217 747 2266 hodie
771 2218 1010 2265 mecum.''
1081 2226 1112 2248 “
1132 2218 1197 2267 Ut
1213 2218 1378 2268 libet.'’
1449 2227 1477 2288 ‘¹‘
1496 2223 1626 2290 Ergo

127 2305 240 2353 Post
262 2319 437 2350 nonam
461 2301 651 2349 venies:
688 2317 819 2349 nunc
842 2301 874 2358 i,
899 2317 1000 2349 rem
1024 2310 1246 2351 strenuus
1270 2306 1444 2369 auge.'’
1593 2311 1659 2359 70

124 2389 189 2437 Ut
212 2397 406 2436 ventum
432 2388 492 2434 ad
516 2402 705 2434 coenam
729 2395 815 2446 est,
841 2387 1051 2434 dicenda
1073 2389 1279 2436 tacenda
1300 2389 1502 2452 locutuS‚

127 2473 351 2520 Tandem
376 2471 632 2519 dormitum
656 2470 924 2519 dimittitur.
994 2471 1106 2532 Hic,
1131 2472 1214 2520 ubi
1238 2474 1361 2537 saepe

124 2557 385 2605 Occultum
408 2556 535 2603 visus
560 2556 812 2603 decurrere
835 2555 980 2618 piscis
1000 2556 1059 2603 ad
1084 2556 1294 2614 hamum,

123 2642 272 2690 Mane
296 2641 463 2697 cliens,
489 2649 538 2688 et
556 2640 655 2703 jam
680 2648 839 2687 certus
863 2640 1075 2699 conviva,
1096 2640 1291 2703 jubetur

122 2725 263 2773 Rura
286 2725 561 2772 suburbana
584 2723 778 2771 indictis
801 2740 962 2772 comes
986 2724 1054 2772 ire
1079 2724 1282 2773 Latinis.
1592 2730 1654 2778 75

120 2809 377 2872 Impositus
396 2809 586 2856 mannis
610 2825 773 2856 arvum
797 2809 1066 2871 coelumque
1091 2809 1325 2858 Sabinum

118 2893 232 2941 Non
256 2902 414 2941 cessat
437 2894 646 2941 laudare.
717 2893 876 2954 Videt,
902 2893 1118 2956 ridetque
1143 2893 1421 2958 Philippus:

116 2977 193 3036 Et,
218 2977 308 3025 sibi
331 2979 446 3026 dum
468 2978 698 3041 requiem,
724 2978 838 3028 dum
862 2977 985 3027 risus
1008 2978 1219 3042 undique
1242 2979 1425 3042 quaerit,
