1894 3188
729 131 780 178 Q,
808 130 1046 170 HORATII
1073 130 1215 171 FLAC
1222 132 1278 172 CI

464 258 697 305 Somnum
718 258 964 304 reducent.
1035 260 1241 306 Somnus
1265 259 1519 323 agrestium

463 342 611 390 Lenis
635 341 839 389 virorum
863 359 960 390 non
985 343 1186 390 humiles
1211 344 1374 392 domos

527 425 748 482 Fastidit,
773 426 1102 473 umbrosamve
1126 427 1292 489 ripam,

589 509 704 557 Non
725 509 962 572 Zephyris
988 510 1168 573 agitata
1192 511 1378 574 Tempe
1399 530 1410 558 ε

460 593 825 641 Desiderantem
849 595 974 656 quod
998 593 1112 642 satis
1135 603 1222 652 est,
1248 612 1403 660 neque

463 678 835 726 Tumultuosum
860 678 1080 726 sollicitat
1102 695 1248 737 mare,

525 761 636 809 Neo
660 779 810 809 saevus
835 762 1031 810 Arcturi
1052 764 1271 811 cadentis

587 845 818 909 Impetus,
845 856 924 894 aut
948 847 1144 895 orientis
1168 848 1343 894 Hoedi:

459 929 573 977 Non
596 930 853 978 verberatae
878 932 1110 994 grandine
1135 931 1314 989 vineae3

459 1014 719 1061 Fundusve
743 1015 963 1073 mendax,
990 1015 1155 1062 arbore
1175 1031 1305 1063 nuno
1324 1031 1467 1079 aquas

524 1098 780 1161 Culpante,
806 1115 937 1145 nuno
961 1099 1187 1145 torrentia
1210 1115 1347 1162 agros

592 1183 776 1239 Sidera,
802 1199 934 1229 nuno
958 1182 1139 1229 hiemes
1162 1183 1362 1245 iniquas.

459 1268 719 1315 Contracta
740 1267 897 1329 pisces
923 1283 1109 1328 aequora
1132 1267 1357 1327 sentiunt,

461 1352 490 1399 J
494 1352 612 1399 actis
635 1352 686 1398 in
711 1352 861 1398 altum
885 1351 1089 1398 molibus
1110 1367 1120 1396 ε
1158 1352 1253 1398 huo
1277 1351 1494 1414 frequens

521 1436 770 1482 Caementa
794 1435 1001 1482 demittit
1024 1435 1291 1497 redemptor

588 1519 714 1566 Cum
740 1519 945 1574 famulis,
972 1518 1284 1579 dominusque
1306 1527 1441 1566 terrae

459 1603 757 1652 Fastidiosus
780 1620 789 1649 ε
828 1603 910 1649 sed
936 1602 1103 1649 Timor
1127 1611 1174 1649 et
1197 1601 1345 1649 Minae

460 1688 710 1736 Soandunt
733 1685 902 1733 eodem
925 1684 1019 1747 quo
1044 1686 1264 1733 dominus
1284 1703 1295 1744 3
1332 1703 1485 1749 neque

523 1771 730 1819 Decedit
755 1772 894 1817 aerata
918 1769 1112 1828 triremi,
1138 1778 1186 1816 et

588 1856 700 1903 Post
725 1855 930 1917 equitem
955 1854 1088 1900 sedet
1111 1862 1214 1900 atra
1237 1853 1379 1901 Cura.

458 1938 607 1991 Quod
632 1939 671 1985 si
696 1938 935 1985 dolentem
959 1952 1049 1984 neo
1073 1936 1307 2000 Phrygius
1330 1937 1461 2000 lapis,

460 2024 566 2071 Neo
589 2038 901 2086 purpurarum
927 2020 1081 2068 sidere
1106 2020 1276 2068 clarior

525 2107 720 2154 Delenit
742 2122 872 2161 usus,
898 2121 989 2151 neo
1013 2104 1219 2151 Falerna

588 2190 726 2249 Vitis,
754 2188 1177 2237 Achaemeniumve
1197 2197 1379 2236 costum
1397 2206 1407 2246 3

461 2274 559 2323 Cur
583 2274 852 2322 invidendis
877 2272 1089 2336 postibus
1113 2282 1160 2318 et
1183 2287 1304 2320 novo

461 2359 677 2406 Sublime
701 2358 795 2405 ritu
818 2356 984 2403 moliar
1008 2355 1178 2402 atrium
1199 2356 1218 2400 ’ἔ

525 2442 624 2490 Cur
647 2442 766 2488 valle
789 2448 1054 2503 permutem
1090 2437 1266 2486 Sabina

590 2525 792 2572 Divitias
815 2523 1107 2585 operosiores
1129 2523 1147 2567 '3

1730 598 1794 645 25

1730 1018 1793 1064 30

1729 1439 1792 1485 35

1729 1858 1792 1903 40

1728 2274 1791 2321 45
