1894 3188
161 96 229 145 42

689 90 739 137 Q.
768 89 1007 130 HORATII
1035 88 1243 130 FLACCI

422 217 532 266 Nec
555 215 800 266 fortuitum
824 231 1048 279 spernere
1071 216 1300 280 cespitem

421 301 577 365 Leges
595 301 829 359 sinebant,
848 300 1021 363 oppida
1043 301 1236 364 publico

488 386 691 448 Sumptu
720 385 945 449 jubentes
968 392 1017 432 et
1034 385 1232 433 deorum

548 469 755 534 Templa
777 485 899 518 novo
922 469 1149 518 decorare
1168 485 1295 518 saxo.

787 926 927 974 ODE
961 926 1109 998 xm.
1173 996 1176 999 .

753 1110 819 1142 AD
857 1111 1140 1144 GROSPHUM.

405 1264 582 1313 O'rmM
606 1263 738 1312 divos
761 1273 897 1328 rogat
920 1265 970 1311 in
993 1265 1175 1329 patenti

407 1349 616 1396 Prensus
639 1349 824 1412 AEgaeo,
850 1349 991 1399 simul
1016 1358 1117 1396 atra
1139 1348 1291 1396 nubes

403 1433 632 1482 Condidit
653 1433 833 1489 lunam,
859 1438 1014 1495 neque
1038 1440 1170 1480 certa
1193 1432 1375 1496 fulgent

622 1528 643 1535 ⁴
729 1517 900 1564 Sidera
923 1517 1081 1564 nautis
1101 1533 1110 1563 ε

399 1601 567 1649 Otium
590 1601 715 1649 bello
739 1601 916 1648 furiosa
938 1600 1150 1657 Thrace,

397 1685 566 1733 Otium
591 1684 725 1733 Medi
748 1685 969 1748 pharetra
992 1685 1173 1741 decori,

397 1770 628 1833 Grosphe‚
654 1785 750 1817 non
775 1768 992 1832 gemmis,
1017 1785 1173 1831 neque
1196 1769 1400 1832 purpura
1425 1783 1500 1815 ve-

722 1854 846 1910 nale,
871 1870 1027 1915 neque
1052 1869 1183 1901 auro.

395 1938 510 1986 Non
533 1938 662 1985 enim
686 1953 835 2001 gazae,
860 1953 1016 2000 neque
1039 1937 1307 1985 consularis

397 2023 657 2070 Submovet
679 2022 814 2069 lictor
838 2021 1035 2069 miseros
1065 2021 1297 2068 tumultus

394 2106 588 2166 Mentis,
614 2114 662 2153 et
685 2122 828 2154 curas
851 2106 1072 2168 laqueata
1094 2105 1275 2153 circum

719 2190 876 2238 Tecta
898 2191 1127 2238 volantes.

394 2275 584 2322 Vivitur
607 2290 751 2338 parvo
774 2274 912 2339 bene,
939 2275 1018 2323 cui
1041 2283 1296 2339 paternum

392 2359 622 2421 Splendet
645 2359 695 2405 in
719 2360 883 2405 mensa
907 2358 1041 2406 tenui
1065 2342 1301 2406 salinum':

391 2442 438 2489 Ν
443 2459 500 2490 ec
523 2443 651 2490 leves
675 2459 865 2490 somnos
888 2443 1028 2490 timor
1052 2452 1134 2490 aut
1160 2442 1335 2505 cupido

716 2526 948 2572 Sordidus
974 2526 1139 2572 aufert.

388 2608 526 2660 Quid
550 2609 681 2655 brevi
707 2608 848 2656 fortes
867 2609 1134 2671 jaculamur
1167 2625 1267 2656 aevo

388 2692 580 2739 Multa!
615 2691 751 2742 Quid
776 2700 925 2739 terras
949 2692 1043 2739 alio
1067 2692 1278 2739 calentes

389 2776 500 2824 Sole
525 2777 800 2823 mutamus?
836 2776 1006 2823 Patriae
1031 2776 1136 2838 quis
1160 2775 1293 2823 exsul
1355 2825 1357 2828 .

715 2860 777 2906 Se
801 2876 985 2923 quoque
1010 2859 1130 2923 fugit
1150 2860 1169 2905 ’ἔ

387 2944 588 2992 Scandit
612 2951 780 2991 aeratas
803 2944 971 2992 vitiosa
994 2960 1138 2992 naves

386 3027 515 3076 Cura
535 3046 547 3086 3
583 3043 676 3076 nec
700 3037 880 3076 turmas
903 3028 1116 3092 equitum
1140 3027 1378 3090 relinquit,

1704 1598 1735 1645 Cr

1674 2021 1733 2066 10

1666 2439 1726 2485 15
