1894 3188
589 97 905 140 CARMINUM
922 96 1032 136 LIB.
1059 97 1133 136 IV.

400 228 491 277 Per
515 225 706 284 damna,
732 240 816 287 per
840 223 1013 278 caedes,
1040 222 1098 269 ab
1121 222 1225 285 ipso

464 310 614 358 Ducit
636 324 751 371 opes
775 309 1082 369 animumque
1111 306 1248 355 ferro.

334 394 447 444 Non
472 393 642 456 Hydra
664 400 795 440 secto
820 407 1016 455 corpore
1041 390 1219 438 firmior

333 477 481 526 Vinci
505 477 745 525 dolentem
770 476 920 524 crevit
944 476 993 523 in
1020 475 1284 523 Herculem
1305 492 1316 534 3

398 562 730 610 Monstrumve
755 559 1023 608 submisere
1048 559 1223 607 Colchi

463 644 639 708 Majus,
666 644 977 692 Echioniaeve
997 644 1201 691 Thebae.

331 728 518 777 Merses
541 728 795 792 profundo,
820 728 1065 791 pulchrior
1089 728 1250 776 evenit
1272 744 1282 777 :

331 812 556 869 Luctere‚
582 812 732 860 multa
755 821 951 875 proruet
974 812 1218 876 integrum

397 896 525 945 Cum
548 896 690 944 laude
714 896 960 956 victorem,
987 905 1215 960 geretque

460 980 636 1028 Proelia
659 980 946 1044 conjugibus
970 981 1225 1042 loquenda.

331 1063 615 1128 Carthagini
635 1065 735 1127 jam
759 1080 857 1112 non
880 1080 971 1128 ego
995 1064 1189 1112 nuntios

330 1148 525 1196 Mittam
549 1149 778 1211 superbos
800 1165 810 1194 :
847 1148 1042 1204 occidit,
1069 1148 1249 1195 occidit

394 1232 515 1294 Spes
538 1232 695 1278 omnis
719 1240 767 1278 et
791 1231 981 1278 fortuna
1004 1232 1156 1278 nostri

455 1314 698 1371 Nominis,
726 1315 1034 1362 Hasdrubale
1060 1316 1362 1380 interempto.

327 1398 412 1446 Nil
436 1399 653 1447 Claudiae
677 1415 775 1447 non
797 1399 1052 1462 perficient
1076 1416 1264 1457 manus,

325 1482 467 1535 Quas
490 1492 538 1530 et
561 1483 772 1547 benigno
795 1484 995 1531 numine
1024 1484 1214 1546 Jupiter

393 1567 638 1627 Defendit,
665 1576 713 1615 et
737 1584 865 1616 curae
891 1584 1090 1632 sagaces

455 1651 732 1716 Expediunt
754 1669 838 1716 per
863 1661 1006 1700 acuta
1030 1652 1189 1700 belli.’'

725 2109 867 2157 ODE
903 2110 993 2158 IV.

664 2276 731 2308 AD
766 2277 1056 2310 AUGUSTUM.

321 2412 466 2461 Drvrs
489 2420 590 2461 orte
615 2411 770 2469 bonis,
794 2413 974 2476 optime
997 2412 1223 2461 Romulae

322 2497 497 2545 Custos
520 2497 693 2561 gentiS,
720 2497 837 2545 abes
855 2497 954 2561 jam
979 2496 1184 2546 nimium
1208 2497 1320 2548 diu:

320 2581 571 2630 Maturum
595 2582 801 2630 reditum
825 2582 1067 2646 pollicitus
1091 2582 1289 2632 Patrum

585 2667 765 2715 Sancto
789 2666 1011 2727 concilio,
1037 2667 1155 2715 redi.

320 2748 504 2799 Lucem
526 2751 674 2799 redde
697 2760 808 2808 tuae‚
834 2752 933 2798 dux
955 2752 1097 2809 bone,
1121 2751 1311 2816 patriae:

319 2833 477 2882 Instar
499 2835 623 2883 veris
646 2835 775 2883 enim
799 2835 957 2882 vultus
979 2835 1062 2882 ubi
1086 2844 1199 2885 tuus

319 2918 528 2980 Affulsit‚
552 2919 728 2984 populo
751 2920 928 2984 gratior
952 2920 989 2967 it
1012 2920 1131 2977 dies,

580 3004 644 3053 Et
667 3004 790 3052 soles
813 3002 986 3052 melius
1010 3003 1181 3052 nitent.

636 3089 669 3136 8

1612 99 1681 149 85

1614 307 1678 355 60

1611 1148 1675 1198 70

1609 1571 1673 1619 75
