1894 3188
646 79 752 120 ARS
783 77 1039 119 POETICA.
1072 99 1076 104 -
1549 76 1651 125 249

112 210 284 258 Dictus
307 207 369 255 ob
393 207 484 254 hoc
506 206 659 253 lenire
682 207 831 268 tigres
855 203 1142 266 rabidosque
1165 202 1330 250 leones
1351 219 1362 247 z

112 294 286 341 Dictus
308 300 357 340 et
379 289 642 354 Amphion,
667 289 921 337 Thebanae
945 287 1163 336 conditor
1182 286 1323 341 arciS‚

113 378 239 424 Saxa
261 390 449 424 movere
473 389 592 422 sono
613 373 887 432 testudinis,
912 380 961 420 et
985 387 1130 435 prece
1155 370 1330 417 blanda
1502 393 1504 396 v
1554 367 1655 415 395
1695 398 1704 414 x.

111 462 306 508 Ducere
329 458 423 522 quo
445 458 602 506 vellet.
673 457 790 506 Fuit
813 459 919 505 haec
943 455 1182 519 sapientia
1204 453 1461 517 quondam,

112 545 312 592 Publica
333 543 526 607 privatis
550 557 822 599 secernere,
850 557 988 589 sacra
1008 540 1238 604 profaniS,

111 629 388 677 Concubitu
411 627 663 691 prohibere
687 641 825 690 vago,
851 627 965 673 dare
985 626 1098 689 jura
1121 624 1322 682 maritis,

112 714 305 776 Oppida
326 712 495 771 moliri,
520 711 653 775 leges
676 711 893 759 incidere
916 710 1063 774 ligno.
1411 769 1418 780 x

113 797 197 844 Sic
222 799 371 844 honor
394 805 443 843 et
465 811 642 844 nomen
667 795 843 843 divinis
866 795 1054 843 vatibus
1078 802 1219 857 atque
1561 790 1659 837 400

112 881 423 928 Carminibus
446 880 598 950 venit.²
661 880 776 928 Post
799 863 886 928 hos
910 879 1116 942 insignis
1151 878 1395 925 Homerus

111 949 608 1033 Tyrtaeusquema'res
632 958 820 1013 animos
844 965 895 1012 in
921 964 1100 1011 Martia
1135 961 1265 1035 bella
1288 1016 1295 1023 ι
1320 1006 1373 1022 ff.

110 1051 344 1098 Versibus
368 1050 560 1098 exacuit
580 1067 590 1107 3
628 1050 770 1098 dictae
793 1065 878 1113 per
903 1048 1121 1096 carmina
1144 1034 1295 1095 sortes
1315 1038 1331 1103 3v

111 1133 174 1181 Et
197 1135 303 1181 vitae
327 1143 592 1182 monstrata
615 1135 692 1182 via
715 1143 789 1181 est
808 1151 819 1191 ;
858 1142 907 1181 et
930 1132 1088 1197 gratia
1110 1146 1284 1194 regum

110 1218 280 1266 Pieriis
303 1227 488 1266 tentata
511 1219 666 1266 modis
687 1235 701 1275 3
738 1218 976 1280 ludusque
999 1223 1237 1280 repertus,
1563 1211 1662 1258 405

110 1301 173 1349 Et
197 1302 449 1365 longorum
474 1319 674 1371 operum
693 1302 841 1370 finis:
878 1317 940 1361 ne
967 1300 1088 1349 forte
1112 1299 1284 1364 pudori

110 1386 184 1433 Sit
207 1386 293 1432 tibi
318 1386 464 1434 Musa
486 1388 599 1449 lyrae
625 1370 788 1446 solers,
814 1387 865 1433 et
888 1394 1056 1433 cantor
1082 1384 1273 1447 Apollo.
1312 1405 1320 1435 .·
1382 1411 1392 1425 ι

176 1469 226 1517 N
229 1471 363 1517 atura
386 1470 522 1518 fieret
545 1470 787 1518 laudabile
812 1486 1026 1528 carmen,
1052 1485 1116 1516 an
1140 1476 1256 1525 arte,

110 1554 384 1605 Quaesitum
409 1564 497 1601 est.
568 1554 675 1617 Ego
699 1570 793 1602 nec
818 1554 1032 1602 studium
1057 1552 1163 1600 sine
1184 1549 1335 1598 divite
1358 1547 1498 1605 vena,

109 1638 219 1685 Nec
242 1639 361 1686 rude
385 1638 499 1700 quid
523 1639 674 1700 possit
697 1638 836 1686 video
860 1636 1113 1701 ingenium
1131 1653 1143 1682 :
1158 1625 1377 1683 {alterius
1395 1633 1466 1681 sic
1566 1631 1664 1679 410

110 1723 279 1770 Altera
301 1722 457 1785 poscit
478 1737 619 1785 opem
643 1738 737 1778 res,
763 1732 812 1769 et
835 1722 1057 1784 conjurat
1081 1717 1254 1768 amice.
1274 1727 1315 1777 μ’

110 1805 213 1856 Qui
238 1807 398 1854 studet
420 1814 635 1869 optatam
659 1821 806 1854 cursu
830 1804 1115 1867 contingere
1138 1811 1334 1862 metam,

113 1888 269 1936 Multa
291 1890 400 1937 tulit
423 1889 632 1951 fecitque
656 1904 776 1951 puer
797 1904 812 1943 ς
848 1886 1040 1935 sudavit
1062 1895 1113 1934 et
1134 1885 1244 1934 alsit
1263 1903 1278 1942 ;

114 1973 364 2020 Abstinuit
383 1972 579 2019 Venere
604 1980 653 2018 et
675 1971 816 2018 vino:
853 1970 935 2031 qui
960 1969 1135 2031 Pythia
1157 1976 1322 2016 cantat

113 2057 341 2112 Tibicen,
368 2055 538 2102 didicit
559 2053 705 2116 prius,
731 2052 1050 2115 extimuitque
1073 2051 1375 2116 magistrum.
1563 2051 1662 2099 415

111 2145 160 2192 N
164 2161 222 2192 ec
246 2143 361 2191 satis
385 2151 458 2190 est
481 2143 690 2190 dixisse:
762 2149 793 2171 “
809 2140 917 2204 Ego
941 2141 1066 2188 mira
1087 2143 1175 2204 po?
1185 2148 1316 2188 mata
1336 2154 1528 2204 pango:

112 2229 338 2291 Occupet
360 2237 627 2275 extremum
652 2209 870 2282 scabies;
907 2224 1026 2272 mihi
1050 2232 1188 2289 turpe
1212 2224 1416 2288 relinqui
1441 2233 1528 2285 est,

114 2313 195 2370 Et,
221 2313 349 2375 quod
373 2328 470 2359 non
496 2311 661 2370 didici,
688 2311 802 2358 sane
827 2309 1017 2358 nescire
1042 2309 1233 2357 fateri.’'

179 2397 243 2445 Ut
266 2413 425 2462 praeco
450 2397 510 2443 ad
534 2411 721 2443 merces
745 2395 933 2443 turbam
957 2394 1038 2457 qui
1059 2394 1190 2457 cogit
1213 2394 1461 2450 emendas,

115 2483 454 2529 Assentatores
474 2480 611 2544 jubet
635 2481 696 2527 ad
720 2480 908 2527 lucrum
933 2479 1001 2526 ire
1025 2484 1168 2542 poeta
1565 2478 1664 2527 420

115 2566 262 2613 Dives
287 2565 426 2629 agris,
454 2565 586 2612 dives
609 2564 775 2627 positis
798 2564 849 2611 in
874 2563 1054 2611 foenore
1078 2562 1305 2610 nummis.

116 2650 170 2697 Si
194 2649 306 2697 vero
331 2659 404 2697 est
427 2658 628 2697 unctum
652 2649 734 2711 qui
757 2648 886 2696 recte
911 2664 1090 2711 ponere
1113 2647 1276 2711 possit,

116 2733 180 2780 Et
203 2735 438 2797 spondere
462 2734 555 2781 levi
578 2749 664 2796 pro
686 2748 912 2795 paupere,
938 2740 987 2779 et
1009 2732 1193 2794 eripere
1218 2731 1332 2779 atris

115 2816 302 2866 Litibus
327 2818 631 2881 implicitum,
656 2816 864 2864 mirabor
888 2816 928 2863 si
953 2816 1075 2863 sciet
1097 2815 1243 2863 inter-—

112 2916 312 2949 noscere
335 2903 622 2950 mendacem
647 2917 906 2963 verumque
931 2901 1100 2948 beatus
1136 2899 1361 2948 amicum.
1564 2899 1661 2947 4:25

115 2985 213 3042 Tu,
238 3002 323 3035 seu
347 2988 560 3047 donaris,
588 3003 673 3046 seu
696 2986 812 3049 quid
836 2986 1016 3035 donare
1042 2985 1160 3033 velis
1184 2984 1280 3044 cui,
