1894 3188
642 83 953 124 CARMINUM
977 85 1083 124 LIB.
1113 86 1144 125 1.

715 276 855 325 ODE
890 277 1079 326 XXIV.

747 427 814 458 AD
850 428 1042 460 ICCIUM.

355 544 478 604 1001,
504 544 654 592 beatis
678 561 808 592 nunc
832 545 1049 593 Arabum
1072 545 1256 594 invides

354 629 517 685 Gazis,
543 637 590 676 et
614 645 773 676 acrem
797 630 1014 677 militiam
1037 646 1175 693 paras

414 713 527 761 Non
551 712 662 761 ante
688 714 888 762 devictis
923 715 1106 762 Sabaeae

480 797 718 861 Regibus,
744 798 1048 861 horribilique
1075 798 1221 846 Medo

353 880 521 929 Nectis
545 891 754 930 catenas.
823 883 950 934 Quae
974 883 1060 930 tibi
1085 883 1339 947 virginum,

350 966 536 1029 Sponso
560 975 745 1027 necato,
772 967 977 1015 barbara
1001 968 1172 1016 serviet
1192 969 1211 1014 ’ἔ

412 1050 537 1098 Puer
561 1051 665 1114 quis
693 1068 753 1098 ex
776 1052 882 1099 aula
906 1052 1088 1115 capillis

479 1136 558 1182 Ad
584 1136 808 1197 cyathum
828 1144 1063 1184 statuetur
1082 1137 1256 1194 unctis,

349 1218 533 1266 Doctus
557 1221 752 1282 sagittas
775 1221 972 1267 tendere
998 1221 1189 1269 Sericas

350 1303 484 1350 Arcu
507 1311 703 1366 paterno
724 1305 742 1348 ’ἔ
778 1303 905 1354 Quis
927 1314 1070 1367 neget
1095 1306 1253 1353 arduis
1355 1345 1364 1352 ,

411 1386 590 1434 Pronos
614 1387 760 1434 relabi
784 1404 920 1450 posse
945 1389 1067 1436 rivos

474 1470 738 1528 Montibus,
764 1481 812 1519 et
835 1472 1053 1520 Tiberim
1072 1474 1273 1532 reverti;

346 1554 516 1606 Quum
541 1564 591 1602 tu
616 1559 862 1619 coemptos
886 1557 1095 1619 undique
1120 1558 1303 1606 nobiles

344 1639 512 1686 Libros
537 1639 730 1699 Panaeti,
759 1641 1053 1688 Socraticam
1080 1650 1127 1689 et
1152 1643 1359 1703 domum,

407 1724 596 1772 Mutare
620 1725 779 1772 loricis
804 1725 971 1786 Iberis,

479 1809 724 1858 Pollicitus
748 1811 956 1871 meliora,
983 1811 1174 1859 tendis?

704 2147 844 2194 ODE
879 2146 1041 2194 XXV.

687 2296 753 2327 AD
788 2296 1048 2329 VENEREM.

331 2414 377 2461 O
402 2413 592 2473 Vans,
618 2415 785 2478 regina
808 2415 955 2463 Gnidi
980 2416 1236 2480 Paphique,

334 2500 516 2561 Sperne
541 2500 764 2547 dilectam
790 2500 998 2564 Cypron,
1024 2510 1072 2549 et
1095 2503 1308 2550 vocantis

331 2583 497 2631 Thure
521 2594 567 2631 te
591 2585 738 2632 multo
762 2586 977 2648 Glycerae
1002 2587 1225 2635 decoram

721 2669 954 2718 Transfer
979 2671 1029 2719 in
1055 2673 1219 2721 aedem.
1302 2703 1305 2707 s

329 2752 558 2800 Fervidus
582 2762 741 2801 tecum
765 2772 898 2818 puer,
924 2765 972 2803 et
995 2757 1161 2805 solutis

325 2837 501 2884 Gratiae
528 2839 680 2895 zonis,
705 2852 1051 2902 properentque
1075 2841 1328 2906 Nymphae,

322 2921 384 2967 Et
407 2938 573 2984 parum
598 2923 746 2970 comis
772 2924 874 2970 sine
898 2933 944 2971 te
969 2925 1214 2986 Juventas‚

714 3006 1092 3071 Mercuriusque.

1629 94 1698 142 23

1623 1309 1683 1355 10

1618 1733 1677 1779 15
