1894 3188
597 75 908 116 CARMINUM
941 76 1048 116 LIB.
1080 77 1151 117 IV.

342 200 512 248 Flebili
536 215 718 262 sponsae
749 201 1030 263 juvenemve
1058 211 1243 265 raptum

342 283 514 339 Plorat,
539 291 586 330 et
609 283 730 330 vires
754 285 1058 348 animumque
1082 302 1329 349 moresque

341 367 528 414 Aureos
551 368 713 415 educit
737 369 785 415 in
812 378 952 425 astra,
979 370 1207 432 nigroque

730 452 921 500 Invidet
945 453 1088 501 Orco.

339 534 496 582 Multa
519 535 759 583 Dircaeum
784 537 908 584 levat
932 554 1045 585 aura
1068 554 1289 600 cycnum,

344 617 542 676 Tendit,
569 620 766 680 Antoni,
793 622 974 683 quoties
999 622 1048 668 in
1074 622 1192 668 altos

336 701 551 750 Nubium
576 712 753 751 tractus
776 722 786 750 ε
824 722 929 768 ego,
956 706 1056 768 apis
1088 706 1287 753 Matinae

728 789 864 837 More
895 791 1143 852 modoque,

336 870 482 917 Grata
506 873 743 934 carpentis
767 875 932 935 thyma
955 890 1037 936 per
1063 874 1270 921 laborem

335 952 611 1014 Plurimum,
639 956 768 1002 circa
791 973 960 1003 nemus
985 957 1207 1019 uvidique

334 1036 531 1084 Tiburis
555 1039 679 1101 ripas
703 1056 899 1102 operosa
921 1057 1092 1102 parvus

725 1123 955 1170 Carmina
979 1124 1122 1187 fingo.

333 1204 574 1252 Concines
598 1206 774 1268 majore
798 1211 940 1269 poeta
963 1209 1144 1270 plectro

330 1288 583 1348 Caesarem,
609 1291 892 1352 quandoque
916 1292 1072 1337 trahet
1097 1292 1280 1339 feroces

330 1371 421 1421 Per
445 1389 634 1420 sacrum
659 1374 851 1430 clivum,
878 1375 1046 1422 merita
1071 1377 1273 1423 decorus

717 1458 926 1515 Fronde,
957 1459 1261 1517 Sicambros3

325 1539 440 1592 Quo
463 1542 583 1589 nihil
609 1542 762 1603 majus
785 1543 1015 1590 meliusve
1039 1544 1178 1591 terris

324 1624 446 1672 Fata
468 1624 723 1681 donavere,
751 1625 957 1687 bonique
983 1626 1093 1686 divi,

325 1709 434 1757 Nec
457 1710 653 1768 dabunt,
679 1710 893 1771 quamvis
918 1711 1117 1758 redeant
1139 1712 1190 1759 in
1214 1729 1381 1761 aurum

715 1794 958 1856 Tempora
976 1795 1202 1857 priscum.

325 1877 567 1925 Concines
590 1879 814 1940 laetosque
841 1879 943 1926 dies
967 1887 1015 1926 et
1039 1880 1181 1928 Urbis

325 1961 575 2009 Publicum
601 1963 781 2022 ludum,
808 1980 948 2025 super
974 1964 1225 2026 impetrato

325 2045 481 2093 Fortis
507 2047 716 2109 Augusti
741 2047 913 2103 rodim,
941 2049 1188 2109 forumque
1224 2107 1230 2112 ι

716 2130 904 2178 Litibus
928 2131 1111 2178 orbum.

325 2212 457 2260 Tum
481 2230 599 2260 meae
627 2212 690 2277 (si
714 2215 826 2276 quid
850 2215 1013 2276 loquar
1039 2215 1354 2282 audiendum)

324 2297 471 2344 Vocis
495 2299 694 2345 accedet
719 2299 844 2344 bona
867 2315 974 2360 pars
996 2315 1008 2355 3
1046 2307 1108 2354 et,
1132 2315 1161 2346 o
1187 2299 1268 2347 Sol

324 2380 557 2428 Pulcher!
594 2398 622 2429 o
645 2382 883 2429 laudande
907 2381 916 2428 !
955 2399 1141 2442 canam,
1168 2393 1361 2447 recepto

717 2466 906 2514 Caesare
933 2466 1060 2514 felix.

324 2548 498 2610 Tuque
523 2549 635 2596 dum
660 2550 893 2611 procedis,
922 2558 951 2579 ‘⁶
972 2551 1028 2598 Io
1052 2551 1318 2615 triumphe!
1337 2553 1366 2576 ’⁹

324 2631 436 2679 Non
462 2633 607 2680 semel
633 2634 865 2690 dicemus,
893 2642 923 2664 “
947 2634 1000 2682 Io
1023 2636 1292 2699 triumphe!
1315 2637 1344 2660 ”

323 2717 502 2766 Civitas
524 2718 695 2775 omnis,
721 2719 1031 2781 dabimusque
1056 2721 1176 2768 divis

712 2802 882 2849 Thura
906 2803 1141 2868 benignis.

323 2884 400 2931 Te
425 2886 594 2934 decem
616 2887 739 2934 tauri
763 2887 1053 2949 totidemque
1078 2905 1252 2950 vaccae,

324 2967 407 3015 Me
431 2977 566 3019 tener
591 2971 739 3019 solvet
762 2971 951 3032 vitulus,
977 2972 1146 3021 relicta

1604 83 1667 131 81

1603 538 1667 585 25

1603 956 1666 1003 30

1602 1377 1666 1425 35

1599 1797 1663 1844 40

1597 2218 1661 2264 45

1596 2639 1661 2687 50
