1894 3188
556 73 959 115 EPISTOLARUM
985 74 1093 114 L1B.
1121 74 1179 114 11.
1564 77 1668 128 223

140 200 256 253 Quo
279 200 510 264 promissa
533 201 708 247 cadant
732 209 780 247 et
804 199 987 248 somnia
1011 199 1320 263 Pythagorea.

141 285 337 333 Naevius
362 286 409 332 in
437 284 653 332 manibus
677 301 771 331 non
797 294 882 344 est,
908 293 955 331 et
980 283 1216 330 mentibus
1242 283 1388 330 haeret

142 369 271 417 Pene
298 386 476 427 recens,
503 367 622 415 adef)
648 377 865 415 sanctum
890 372 962 415 es't
985 377 1118 414 vetus
1141 383 1281 414 omne
1305 370 1491 430 poema.

143 453 416 516 Ambigitur
435 452 617 514 quoties
643 461 744 499 uter
770 461 874 499 utro
898 452 957 499 sit
981 452 1118 514 prior,
1147 451 1299 498 aufert
1603 453 1668 501 55

143 536 376 584 Pacuvius
400 537 524 585 docti
551 536 722 583 famam
747 536 889 592 senis,
917 536 1088 583 Actius
1113 535 1193 582 alti
1215 552 1228 592 ;

143 620 331 668 Dicitur
358 620 523 668 Afrani
548 630 656 684 toga
680 621 959 668 convenisse
979 620 1276 677 Menandr03

143 705 338 752 Plautus
362 707 418 752 ad
444 705 681 767 exemplar
708 704 858 752 Siculi
884 720 1134 767 properare
1160 703 1471 766 Epicharmi3

142 789 347 835 Vincere
373 789 595 836 Caecilius
619 789 867 852 gravitate,
894 788 1154 835 Terentius
1179 797 1291 835 arte.

142 872 244 919 Hos
269 873 450 932 ediscit,
477 882 523 920 et
549 874 632 920 hos
656 882 787 920 arcto
812 872 983 935 stipata
1006 873 1190 919 theatro
1603 872 1667 920 60

143 957 336 1018 Spectat
360 958 514 1004 Roma
538 966 709 1019 potens
730 974 740 1014 3
780 958 922 1003 habet
947 958 1032 1004 hos
1057 964 1365 1019 numeratque
1388 958 1557 1019 poetas

143 1040 221 1086 Ad
247 1050 456 1087 nostrum
481 1050 666 1103 tempus
691 1040 796 1087 Livi
822 1041 1061 1103 scriptoris
1086 1041 1144 1087 ab
1169 1057 1280 1087 aevo.

140 1123 386 1170 Interdum
411 1125 578 1187 vulgus
603 1134 784 1171 rectum
810 1125 968 1181 videt3
1006 1133 1078 1172 est
1103 1125 1182 1171 ubi
1206 1132 1389 1187 peccat.

142 1209 193 1254 Si
218 1218 397 1255 veteres
422 1209 486 1255 ita
509 1209 704 1255 miratur
728 1210 981 1270 laudatque
1005 1213 1183 1271 poetas,

138 1291 203 1338 Ut
227 1292 343 1338 nihil
369 1293 614 1347 anteferat,
641 1292 760 1338 nihil
786 1292 877 1338 illis
902 1301 1157 1354 comparet,
1183 1300 1337 1339 errat:
1601 1294 1665 1341 65

138 1375 189 1422 Si
214 1376 425 1437 quaedam
453 1376 593 1422 nimis
618 1375 823 1436 antique,
849 1375 888 1421 si
913 1376 1134 1437 pleraque
1159 1375 1274 1422 dure

137 1457 311 1505 Dicere
337 1460 464 1505 cedit
488 1475 582 1513 eos,
611 1458 777 1520 ignave
804 1458 954 1504 multa
979 1458 1163 1516 fatetur,

137 1538 200 1586 Et
223 1539 357 1601 sapit,
383 1548 429 1585 et
455 1555 640 1586 mecum
668 1539 794 1594 facit,
821 1547 868 1584 et
892 1538 1010 1584 Jove
1030 1539 1214 1600 judicat
1239 1553 1386 1600 aequo.

138 1623 249 1671 Non
275 1623 493 1684 equidem
518 1624 740 1678 insector,
767 1622 1026 1668 delendave
1051 1621 1264 1668 carmina
1288 1621 1395 1670 Livi

136 1706 255 1754 Esse
280 1724 399 1761 reor,
425 1707 620 1753 memini
644 1722 746 1768 quae
769 1705 1015 1768 plagosum
1040 1704 1157 1751 mihi
1181 1721 1324 1767 parvo
1600 1708 1663 1756 70

137 1789 373 1836 Orbilium
398 1791 604 1847 dictare3
642 1791 724 1836 sed
749 1789 1004 1835 emendata
1028 1788 1192 1847 videri,

137 1872 450 1933 Pulchraque,
475 1882 522 1919 et
545 1873 724 1919 exactis
748 1870 998 1918 minimum
1024 1871 1263 1927 distantia,
1288 1872 1445 1921 miror.

136 1955 268 2003 Inter
293 1972 394 2017 quae
421 1956 612 2001 verbum
636 1955 833 2000 emicuit
857 1955 895 1999 si
922 1954 1039 2001 forte
1065 1955 1308 2010 decorum,
1335 1963 1384 2003 et

137 2039 190 2086 Si
215 2055 375 2085 versus
398 2036 538 2100 paulo
564 2037 842 2084 concinnior
867 2053 990 2083 unus
1013 2045 1060 2083 et
1084 2038 1217 2096 alter,

135 2122 316 2185 Injuste
343 2131 489 2168 totum
515 2121 646 2167 ducit
670 2120 922 2180 venditque
954 2123 1138 2182 poema.
1598 2126 1660 2173 75

133 2206 364 2268 Indignor
387 2205 640 2267 quidquam
665 2203 960 2266 reprehendi,
987 2221 1081 2251 non
1106 2204 1216 2267 quia
1239 2205 1397 2253 crasse

134 2290 460 2352 Compositurn
486 2287 733 2351 illepideve
757 2296 963 2350 putetur,
989 2289 1071 2335 sed
1096 2289 1206 2351 quia
1228 2306 1409 2353 nuperg

133 2375 242 2422 Nec
269 2374 451 2421 veniam
477 2373 697 2435 antiquis,
723 2374 806 2419 sed
832 2374 1057 2420 honorem
1080 2382 1128 2421 et
1150 2374 1343 2436 praemia
1365 2376 1512 2438 posci.

134 2457 292 2505 Recte
318 2474 470 2504 necne
496 2473 688 2503 crocum
712 2456 941 2518 floresque
964 2457 1259 2519 perambulet
1282 2458 1410 2506 Attae

133 2541 317 2589 Fabula
341 2542 380 2589 si
405 2542 631 2600 dubitem,
658 2541 862 2588 clament
885 2542 1080 2604 periisse
1101 2543 1330 2604 pudorem
1591 2545 1656 2595 80

132 2625 310 2673 Cuncti
334 2626 454 2688 pene
479 2635 653 2689 patreS,
678 2641 735 2671 ea
758 2641 901 2687 quum
926 2627 1273 2688 reprehendere
1297 2642 1443 2676 coner

127 2709 256 2760 Quae
279 2710 434 2772 gravis
458 2710 679 2772 AEsopuS,
704 2725 807 2771 quae
831 2710 997 2757 doctus
1022 2709 1231 2757 Roscius
1254 2710 1380 2774 egit:

130 2792 221 2839 Vel
246 2793 356 2854 quia
379 2793 444 2839 nil
469 2802 665 2851 rectum,
692 2792 784 2839 nisi
807 2793 929 2854 quod
954 2792 1134 2855 placuit
1157 2793 1264 2850 sibi,
1289 2794 1499 2855 ducunt3

129 2876 219 2923 Vel
242 2877 352 2938 quia
374 2885 509 2940 turpe
532 2885 703 2941 putant
725 2892 889 2939 parere
915 2877 1190 2937 minoribuS,
1216 2886 1276 2939 et,
1301 2894 1407 2942 quae

125 2957 337 3007 Imberbi
360 2960 587 3022 didicere,
611 2976 752 3010 senes
773 2960 1016 3024 perdenda
1044 2960 1193 3011 fateri.
1585 2964 1651 3014 85
