1894 3188
624 64 953 106 SATIRARUM
979 65 1086 105 LIB.
1115 66 1148 105 1.
1587 69 1681 117 141

149 191 263 239 Vita
287 192 546 240 solutorum
571 191 743 238 misera
769 192 1026 240 ambitione
1050 190 1274 254 gravique
1295 206 1306 236 ε

148 274 242 322 His
266 292 342 323 me
370 275 604 330 consolor,
631 275 843 323 victurus
867 275 1058 323 suavius
1083 291 1140 322 ac
1164 274 1204 321 si
1592 273 1687 321 130

144 358 372 411 Quaestor
397 376 510 407 avus
533 367 667 421 pater
692 372 831 422 atque
856 376 992 407 meus
1014 369 1308 422 patruusque
1338 357 1553 406 fuissent.

672 813 936 861 SATIRA
978 813 1095 861 VII.

147 945 451 993 PROSCRIPTI
477 947 631 1010 Regis
655 947 823 1010 Rupili
847 964 936 1009 pus
961 956 1100 1009 atque
1120 963 1358 995 venenum

149 1029 315 1076 Ibrida
339 1047 431 1092 quo
455 1041 595 1093 pacto
620 1031 680 1078 sit
706 1031 896 1078 Persius
920 1032 1062 1087 ultus,
1087 1032 1253 1093 opinor

149 1114 390 1161 Omnibus
414 1125 462 1161 et
486 1115 624 1178 lippis
650 1124 815 1162 notum
840 1125 887 1162 et
912 1116 1180 1163 tonsoribus
1205 1132 1324 1163 esse.

148 1198 341 1245 Persius
367 1199 445 1245 hic
470 1215 733 1261 permagna
758 1200 949 1262 negotia
973 1200 1104 1246 dives
1129 1199 1334 1246 habebat

147 1281 471 1338 Clazomenis,
498 1282 642 1329 etiam
668 1283 775 1329 lites
800 1299 908 1329 cum
937 1284 1077 1346 Rege
1103 1284 1355 1341 molestas3
1652 1284 1685 1332 5

146 1365 309 1412 Durus
334 1367 487 1425 homo,
515 1376 653 1427 atque
678 1367 788 1413 odio
812 1368 891 1428 qui
916 1376 1077 1429 posset
1101 1368 1292 1414 vincere
1318 1368 1508 1431 Regem
1528 1384 1539 1425 ;

146 1450 423 1507 Confidens,
449 1452 753 1513 tumidusque
775 1469 785 1509 ;
824 1449 944 1498 adeo
970 1452 1201 1498 sermonis
1226 1451 1388 1510 amari,

147 1535 392 1590 Sisennas,
419 1536 605 1593 Barros,
632 1544 684 1582 ut
707 1535 841 1597 equis
865 1545 1177 1598 praecurreret
1202 1535 1334 1582 albis,

212 1619 291 1665 Ad
317 1619 507 1682 Regem
532 1620 690 1667 redeo.
763 1619 1018 1682 Postquam
1043 1620 1162 1666 nihil
1187 1620 1310 1666 inter
1334 1627 1587 1683 utrumque

146 1703 385 1751 Convenit
412 1704 527 1767 (hoc
552 1704 730 1751 etenim
756 1713 868 1751 sunt
891 1721 1058 1751 omnes
1078 1705 1184 1767 jure
1209 1704 1408 1763 molesti,
1628 1705 1690 1752 10

143 1786 261 1837 Quo
286 1788 444 1843 fortes,
470 1788 641 1849 quibus
667 1789 916 1835 adversum
942 1789 1118 1835 bellum
1143 1788 1312 1835 incidit
1333 1805 1344 1833 ε
1380 1788 1504 1835 inter

147 1870 362 1918 Hectora
386 1872 659 1918 Priamiden
686 1873 954 1919 animosum
980 1882 1121 1934 atque
1146 1873 1268 1919 inter
1294 1871 1537 1919 Achillem

144 1955 228 2003 Ira
253 1955 341 2001 fuit
365 1956 594 2017 capitalis,
622 1965 674 2002 ut
699 1956 867 2002 ultima
892 1956 1125 2002 divideret
1150 1971 1304 2012 morst,

146 2037 260 2084 Non
286 2038 424 2084 aliam
450 2039 510 2084 ob
535 2055 746 2094 causam,
774 2038 865 2084 nisi
890 2037 1017 2099 quod
1045 2038 1191 2085 virtus
1216 2038 1265 2084 in
1290 2046 1489 2100 utroque

148 2122 348 2168 Summa
372 2122 475 2169 fuit.
545 2122 655 2168 Duo
680 2122 719 2168 si
743 2122 981 2168 discordia
1001 2131 1138 2169 vexet
1162 2122 1353 2181 inertes,
1625 2124 1685 2171 15
1723 2164 1725 2166 .

146 2207 249 2253 Aut
273 2206 311 2252 si
337 2206 602 2267 disparibus
629 2206 803 2252 bellum
830 2206 1024 2265 incidat,
1051 2215 1104 2253 ut
1127 2206 1351 2253 Diomedi

146 2289 272 2337 Cum
298 2290 446 2351 Lycio
471 2290 658 2337 Glauco
679 2307 689 2347 ;
728 2291 943 2336 discedet
967 2291 1158 2353 pigrior,
1186 2291 1308 2338 ultro

147 2374 436 2421 Muneribus
462 2374 641 2439 missis)
669 2374 817 2421 Bruto
840 2383 1039 2436 praetore
1065 2383 1259 2421 tenente

146 2458 310 2506 Ditem
336 2459 517 2517 Asiam,
546 2458 714 2520 Rupili
739 2458 786 2505 et
811 2459 944 2505 Persi
968 2475 1051 2521 par
1076 2468 1272 2522 pugnat,
1297 2457 1367 2506 uti
1392 2474 1490 2508 non

145 2543 453 2605 Compositus
478 2541 645 2589 melius
670 2558 780 2589 cum
806 2543 949 2590 Bitho
974 2543 1214 2590 Bacchius
1235 2561 1248 2601 3
1284 2544 1334 2591 in
1366 2544 1445 2606 jus
1621 2545 1686 2594 20

146 2627 302 2674 Acres
326 2636 627 2688 procurrunt,
654 2643 884 2689 magnum
910 2628 1237 2690 spectaculum
1261 2636 1476 2691 uterque.

213 2710 406 2758 Persius
430 2711 623 2775 exponit
646 2727 856 2771 causam,
883 2712 1063 2759 ridetur
1089 2713 1147 2759 ab
1170 2713 1302 2760 omni

146 2794 400 2842 Conventu
424 2813 436 2852 3
473 2797 635 2843 laudat
659 2796 876 2852 Brutum,
901 2797 1158 2859 laudatque
1184 2798 1459 2855 cohortem3

148 2878 310 2925 Solem
337 2879 466 2926 Asiae
493 2880 695 2927 Brutum
722 2881 926 2943 appellat
948 2898 961 2938 ;
999 2881 1250 2943 stellasque
1276 2882 1489 2930 salubres

145 2961 370 3026 Appellat
393 2964 605 3025 comites,
631 2974 833 3028 excepto
857 2965 1029 3030 Rege3
1067 2965 1253 3015 Canem
1272 2965 1420 3026 illum,
1621 2966 1689 3016 25
