1894 3188
191 123 290 176 142
711 121 763 172 Q'.
793 122 1036 164 HORATII
1072 125 1216 165 FLAC
1223 124 1279 165 cl

252 249 468 298 Invisum
494 251 716 315 agricolis
741 251 888 308 siduS‚
915 251 1101 299 venisse
1123 269 1134 298 ε
1171 254 1356 309 ruebat,

251 334 458 382 Flumen
485 344 535 382 ut
560 336 825 383 hibernum
849 334 996 383 fertur
1021 333 1114 399 quo
1139 352 1245 384 rara
1268 336 1465 384 securis.

318 417 450 466 Tum
475 418 802 467 Praenestinus
825 420 950 474 salso
974 419 1269 483 multumque
1294 420 1463 468 fluenti

249 503 488 566 Expressa
513 506 705 552 arbusto
730 505 908 568 regerit
931 505 1178 562 convicia3
1216 506 1362 552 durus

248 587 580 636 Vindemiator
604 598 652 636 et
676 589 899 646 invictus,
926 590 1006 636 cui
1030 588 1155 652 saepe
1181 590 1330 636 viator
1728 589 1793 636 30

247 670 500 732 Cessisset‚
526 675 701 735 magna
726 673 1018 735 compellans
1042 690 1158 720 voce
1184 673 1427 720 cuculum.

314 755 382 802 At
404 756 617 815 GraecUS,
642 766 890 819 postquam
915 766 986 804 est
1011 757 1133 804 Italo
1156 757 1375 820 perfusus
1400 765 1552 812 aceto,

246 837 439 886 Persius
463 840 700 887 exclamat
722 857 731 888 :
778 846 803 866 “
828 841 919 888 Per
944 857 1160 903 magnos,
1187 841 1350 897 Brute,
1377 841 1491 888 deos
1516 852 1562 887 te

247 923 361 983 Oro,
387 924 468 986 qui
491 940 629 988 reges
655 924 906 972 consueris
930 925 1108 982 tollere,
1136 941 1221 972 cur
1245 942 1343 972 non

247 1006 395 1055 Hunc
431 1008 622 1071 Regem
659 1009 855 1072 jugulas
876 1011 893 1055 ‘2
937 1026 1133 1072 operum
1179 1010 1284 1065 hoc,
1329 1008 1446 1056 mihi
1489 1009 1647 1069 crede,
1687 1017 1787 1057 tuo·-

376 1108 481 1139 rum
514 1093 633 1140 est.’'
1724 1094 1789 1141 35

757 1463 1022 1510 SATIRA
1061 1463 1203 1511 VIII.

679 1558 701 1566 4

238 1598 378 1645 Omm
404 1607 601 1644 truncus
626 1613 754 1644 eram
780 1597 1001 1656 ficulnus,
1028 1596 1197 1643 inutile
1221 1597 1421 1660 lignum,

237 1681 406 1732 Quum
432 1681 580 1735 faber,
607 1681 820 1728 incertus
845 1697 1099 1727 scamnum
1126 1681 1372 1728 faceretne
1397 1681 1638 1743 Priapum,

186 1764 190 1766 ’
238 1752 412 1812 Maluit
435 1781 540 1812 esse
564 1766 724 1811 deum.
794 1765 927 1811 Deus
953 1763 1065 1811 inde
1091 1781 1195 1827 ege,
1223 1765 1379 1812 furum
1405 1766 1660 1828 aviumque

238 1849 454 1896 Maxima
479 1849 679 1897 formido
701 1866 711 1894 ε
750 1865 858 1895 nam
888 1849 1015 1895 fures
1038 1849 1206 1895 dextra
1241 1853 1451 1906 coercet,

238 1936 330 1981 Ast
353 1934 647 1996 importunas
672 1934 889 1980 volucres
914 1934 961 1980 in
990 1933 1167 1980 vertice
1193 1933 1378 1980 arundo
1750 1934 1781 1980 5

238 2019 414 2066 Terret
441 2019 546 2077 fixa,
574 2027 795 2080 vetatque
822 2018 956 2064 novis
981 2018 1232 2065 considere
1257 2018 1306 2065 in
1332 2018 1493 2065 hortis.

236 2103 350 2150 Huc
374 2103 505 2166 prius
530 2103 747 2165 angustis
774 2102 927 2165 ejecta
954 2103 1188 2149 cadavera
1213 2103 1347 2149 cellis

194 2186 197 2188 ’
232 2188 507 2235 Conservus
531 2188 610 2234 vili
635 2188 867 2249 portanda
891 2187 1080 2234 locabat
1104 2188 1151 2234 in
1180 2190 1304 2233 arcfi.

234 2272 345 2319 Hoc
369 2271 553 2317 miserae
578 2271 704 2333 plebi
730 2272 887 2318 stabat
911 2287 1163 2317 commune
1189 2272 1477 2333 sepulcrum,

232 2355 495 2403 Pantolabo
520 2372 711 2412 scurrae,
739 2355 1139 2417 Nomentanoque
1165 2355 1341 2417 nepoti.
1718 2356 1777 2402 10

233 2439 369 2487 Mille
394 2441 539 2502 pedes
563 2440 612 2486 in
639 2440 808 2496 fronte,
835 2449 1075 2486 trecentos
1101 2440 1267 2501 cippus
1291 2439 1340 2486 in
1364 2455 1532 2501 agrum

232 2523 332 2570 Hic
357 2524 533 2581 dabat3
571 2525 785 2571 haeredes
808 2534 1173 2570 monumentum
1197 2539 1258 2570 ne
1284 2532 1577 2585 sequeretur.

231 2606 280 2654 N
285 2623 379 2654 unc
403 2607 517 2654 licet
540 2608 769 2670 Esquiliis
794 2608 1008 2654 habitare
1033 2607 1315 2666 salubribuS,
1342 2616 1482 2669 atque

233 2691 426 2754 Aggere
451 2692 500 2739 in
526 2692 687 2755 aprico
712 2692 921 2755 spatiari,
948 2708 1040 2754 quo
1066 2690 1206 2739 modo
1231 2691 1389 2738 tristes

232 2774 371 2822 Albis
395 2775 646 2824 informem
671 2778 955 2839 spectabant
979 2777 1166 2824 ossibus
1191 2792 1374 2838 agrum.
1714 2777 1771 2822 15

228 2858 397 2909 Quum
423 2860 539 2907 mihi
565 2877 659 2908 non
685 2860 872 2908 tanturn
898 2861 1136 2923 furesque,'
1163 2860 1367 2922 feraeque
1391 2863 1542 2907 suetae

231 2942 380 2990 Hunc
405 2959 575 2991 vexare
600 2945 774 3005 locum,
801 2961 928 2992 curae
954 2954 1065 2992 sunt
1090 2954 1229 3007 atque
1253 2944 1419 3004 labori,

229 3025 484 3078 Quantum
510 3029 802 3077 carminibus
827 3045 930 3092 quae
955 3038 1147 3076 versant
1170 3038 1309 3092 atque
1335 3027 1532 3075 venenis
