1894 3188
204 111 273 161 84

735 107 786 153 Q.
814 107 1053 147 HORATII
1080 107 1114 147 F
1116 108 1285 148 LACCI

466 248 672 298 Sensere
697 251 809 313 quid
833 267 969 298 mens
992 249 1096 312 rite,
1122 252 1235 315 quid
1259 252 1458 311 indoles,

464 334 515 382 N
518 335 659 382 utrita
683 335 846 382 faustis
871 336 960 382 sub
982 337 1323 398 penetralibus,

529 418 709 478 Posset,
735 419 847 481 quid
873 420 1080 483 Augusti
1116 430 1341 483 paternus

593 502 651 549 In
675 519 847 565 pueros
863 504 1058 550 animus
1082 505 1317 552 Nerones.

463 582 630 632 Fortes
655 594 876 632 creantur
901 586 1125 644 fortibus3
1163 596 1209 634 et
1235 587 1370 634 bonis

463 668 551 716 Est
574 669 623 716 in
643 669 879 732 juvencis,
905 680 977 717 est
1000 671 1049 718 in
1075 671 1223 733 equis,
1249 681 1435 734 patrum

528 753 692 800 Virtus
713 770 724 799 ε
761 770 852 800 nec
877 754 1115 801 imbellem
1141 756 1322 802 feroces

590 837 916 901 Progenerant
940 840 1106 901 aquilae
1131 840 1413 887 columbam.

462 919 698 968 Doctrina
721 923 804 968 sed
829 923 921 968 vim
947 933 1191 985 promovet
1216 923 1421 982 insitam,

463 1004 702 1067 Rectique
727 1006 884 1052 cultus
908 1014 1102 1067 pectora
1125 1007 1347 1054 roborant
1370 1023 1381 1052 ε

525 1088 779 1150 Utcunque
804 1088 1025 1136 defecere
1050 1106 1220 1146 mores,

590 1172 881 1220 Indecorant
906 1174 1027 1221 bene
1053 1184 1166 1221 nata
1190 1175 1357 1238 culpae.

460 1255 595 1308 Quid
621 1258 810 1317 debeaS,
836 1274 864 1305 o
889 1258 1063 1314 Roma,
1090 1259 1379 1319 Neronibus,

461 1339 624 1387 Testis
649 1340 923 1388 Metaurum
949 1341 1143 1398 flumen,
1170 1352 1218 1388 et
1243 1341 1512 1390 Hasdrubal

526 1424 772 1481 Devictus,
799 1434 847 1472 et
869 1426 1066 1487 pulcher
1092 1426 1264 1488 fugatis

590 1508 677 1554 Llle
703 1510 804 1556 dies
829 1510 967 1557 Latio
991 1512 1216 1566 tenebriS,

459 1591 564 1643 Qui
586 1593 765 1654 primus
790 1593 912 1640 alma
937 1594 1040 1640 risit
1064 1596 1251 1654 adorea,

461 1676 606 1724 Dirus
629 1694 712 1739 per
737 1660 878 1724 urbes
903 1679 1019 1725 Afer
1044 1688 1095 1725 ut
1120 1679 1279 1735 Italas,

524 1761 629 1808 Ceu
654 1761 843 1808 flamma
865 1779 948 1824 per
973 1764 1134 1818 taedas,
1162 1764 1233 1810 vel
1261 1764 1418 1812 Eurus

589 1845 679 1892 Per
705 1846 893 1892 Siculas
917 1847 1143 1907 equitavit,
1166 1849 1332 1895 undas,

458 1928 573 1976 Post
598 1930 688 1975 hoc
713 1931 937 1976 secundis
963 1947 1111 1992 usque
1136 1931 1376 1979 laboribus

458 2013 681 2060 Romana
705 2014 854 2075 pubes
879 2014 1039 2073 crevit,
1066 2024 1113 2061 et
1137 2015 1280 2078 impio

521 2097 718 2143 Vastata
743 2097 996 2144 Poenoruln
1022 2100 1239 2145 tumultu¹

584 2180 720 2227 Fana
745 2182 858 2228 deos
883 2182 1091 2229 habuere
1117 2195 1286 2232 rectos,

456 2264 681 2326 Dixitque
705 2266 899 2312 tandem
924 2267 1132 2328 perfidus
1158 2268 1429 2316 Hannibal:

457 2355 487 2377 “
505 2347 659 2407 Cervi,
686 2349 902 2410 luporum
927 2352 1088 2411 praeda
1120 2353 1382 2414 rapacium,

519 2432 769 2479 Sectamur
793 2433 915 2480 ultro
939 2451 1054 2495 quos
1082 2436 1267 2497 opimus

583 2515 769 2562 Fallere
795 2526 842 2563 et
866 2518 1073 2580 effugere
1098 2530 1169 2566 est
1194 2521 1473 2584 triumphus.

455 2598 600 2658 Gens,
627 2616 729 2660 quae
755 2611 963 2648 cremato
989 2603 1119 2649 fortis
1143 2605 1202 2650 ab
1227 2605 1317 2652 Ilio

455 2681 643 2728 Jactata
667 2683 844 2730 Tuscis
871 2687 1134 2747 aequoribus
1159 2705 1308 2745 sacra,

518 2766 565 2813 N
572 2775 783 2828 mosque,
810 2779 1107 2832 maturosque
1132 2782 1301 2834 patres,

585 2849 786 2898 Pertulit
812 2854 1049 2900 Ausonias
1074 2856 1131 2901 ad
1158 2857 1312 2916 urbes,

457 2930 601 2980 Duris
626 2943 677 2980 ut
702 2935 794 2982 ilex
819 2946 955 2984 tonsa
980 2939 1264 3001 bipennibus

455 3015 619 3081 Nigrae
646 3017 790 3066 feraci
816 3021 994 3069 frondis
1018 3023 1066 3070 in
1092 3024 1282 3086 Algido,

1730 673 1795 722 30

1728 1094 1792 1142 35

1726 1514 1791 1561 40

1723 1937 1787 1983 45

1721 2357 1787 2403 50

1719 2778 1783 2825 55
