1894 3188
566 106 976 150 EPISTOLARUM
1001 109 1112 152 LIB.
1140 111 1175 152 Ι.

132 230 343 278 Furtivis
365 230 544 279 nudata
567 233 822 283 coloribus,
891 235 1002 299 Ipse
1026 236 1139 299 quid
1164 239 1311 288 audes
1330 242 1351 288 ’ἔ

130 313 259 366 Quae
284 315 634 364 circumvolitas
658 318 795 381 agilis
819 320 1013 383 thyma?
1050 337 1147 369 non
1172 323 1257 372 tibi
1276 341 1473 388 parvum

133 397 405 462 Ingenium,
430 415 526 447 non
550 399 786 450 incultum
810 412 898 461 est,
924 420 1016 452 nec
1039 406 1239 469 turpiter
1263 409 1454 460 hirtum.

132 482 231 529 Seu
254 483 466 547 linguam
490 485 650 532 causis
674 487 824 544 acuis,
851 504 937 536 seu
961 489 1116 538 civica
1134 491 1244 554 jura

130 564 444 630 Respondere
466 584 622 631 paraS,
648 586 736 618 seu
760 572 929 620 condis
955 575 1159 623 amabile
1192 593 1402 636 carmen,

131 647 294 697 Prima
317 651 437 698 feres
462 652 652 701 hederae
676 655 887 704 victricis
910 659 1105 721 praemia
1125 677 1136 707 :
1171 660 1297 724 quod
1322 663 1362 711 si

129 732 327 798 Frigida
350 750 573 784 curarum
598 738 808 788 fomenta
830 741 1098 805 relinquere
1121 761 1299 808 posseS‚

127 816 246 868 Quo
270 826 318 866 te
341 820 550 868 coelestis
575 823 810 885 sapientia
834 826 1048 885 duceret,
1075 828 1182 876 ires.

128 901 239 949 Hoc
262 919 393 966 opuS‚
420 905 511 953 hoc
536 907 746 955 studium
769 910 901 972 parvi
924 928 1232 974 properemus
1255 923 1304 963 et
1327 917 1487 980 ampli,

128 985 183 1033 Si
206 987 370 1048 patriae
394 988 626 1046 volumus,
652 991 691 1038 si
716 993 868 1052 nobis,
894 994 1050 1043 vivere
1076 997 1190 1044 cari.

192 1069 353 1118 Debes
378 1072 469 1119 hoc
492 1073 636 1120 etiam
660 1077 939 1134 rescribere,
965 1080 1005 1126 si
1030 1081 1115 1146 tibi
1140 1098 1284 1139 curae,

125 1152 339 1204 Quantae
365 1158 634 1218 conveniat,
672 1159 952 1210 Munatius:
990 1180 1050 1211 an
1075 1166 1197 1213 male
1222 1176 1348 1216 sarta

122 1237 291 1285 Gratia
314 1240 634 1303 nequidquam
658 1244 755 1291 coit
779 1254 827 1292 et
850 1247 1139 1296 rescinditur
1162 1251 1180 1295 ’ἒ
1217 1259 1265 1298 at
1288 1267 1370 1300 vos

124 1321 223 1368 Seu
247 1323 430 1371 calidus
453 1326 664 1389 sanguis,
690 1344 775 1376 seu
799 1345 958 1378 rerum
982 1331 1174 1395 inscitia
1196 1344 1337 1383 vexat

120 1404 362 1454 Indomita
387 1409 574 1456 cervice
602 1411 739 1468 feros,
766 1413 1041 1477 ubicunque
1064 1416 1279 1466 locorum

118 1487 305 1551 Vivitis,
333 1491 519 1555 indigni
544 1493 805 1544 fraternum
830 1514 1049 1561 rumpere
1076 1501 1246 1559 foedus,

118 1572 336 1623 Pascitur
361 1575 410 1623 in
435 1586 642 1626 vestrum
666 1580 873 1630 reditum
897 1583 1055 1631 votiva
1073 1584 1295 1648 Juvenca.

618 1980 971 2033 EPISTOLA-
997 1986 1084 2035 IV.

554 2128 621 2160 AD
646 2130 839 2164 ALBIUM
864 2133 1138 2168 TIBULLUM.

112 2243 260 2301 ΑιΒῙ,
285 2252 550 2294 nostrorum
574 2263 847 2298 sermonum
871 2253 1076 2301 candide
1095 2254 1261 2318 judex,

108 2326 245 2378 Quid
269 2344 400 2376 nunc
423 2337 470 2377 te
495 2330 654 2380 dicam
680 2333 836 2382 facere
860 2335 910 2383 in
934 2337 1131 2400 regione
1155 2339 1389 2392 Pedana?

107 2411 328 2460 Scribere
351 2415 476 2475 quod
501 2415 637 2463 Cassi
662 2417 933 2468 Parmensis
956 2424 1188 2485 opuscula
1211 2425 1373 2476 vincat
1393 2430 1412 2476 Ἰ

107 2495 188 2543 An
212 2496 412 2545 tacitum
435 2498 576 2547 silvas
599 2500 724 2549 inter
747 2512 932 2566 reptare
951 2505 1181 2565 salubres,

105 2580 372 2628 Curantem
395 2583 625 2647 quidquid
650 2586 848 2650 dignum
872 2590 1085 2652 sapiente
1111 2592 1329 2657 bonoque
1364 2606 1437 2646 est
1457 2601 1476 2645 2²

103 2663 219 2711 Non
242 2673 293 2711 tu
318 2681 489 2730 corpus
513 2684 620 2716 eras
644 2670 748 2718 sine
771 2681 979 2734 pectore.
1038 2674 1103 2722 Di
1128 2675 1214 2724 tibi
1239 2677 1452 2742 formam,

103 2745 166 2793 Di
187 2747 273 2795 tibi
297 2749 484 2799 divitias
508 2753 757 2815 dederunt,
783 2765 1026 2820 artemque
1051 2759 1256 2811 fruendi.

164 2831 300 2883 Quid
324 2845 490 2884 voveat
513 2838 641 2886 dulci
666 2841 909 2889 nutricula
931 2843 1086 2906 majus
1111 2845 1318 2905 alumno,

98 2913 202 2966 Qui
225 2931 390 2981 sapere
414 2928 463 2968 et
484 2922 572 2970 fari
594 2923 744 2986 possit
767 2940 871 2987 quae
896 2927 1086 2987 sentiat,
1112 2937 1160 2977 et
1183 2931 1263 2978 cui

95 2998 278 3058 Gratia,
303 3001 441 3064 fama,
467 3006 688 3056 valetudo
711 3009 960 3075 contingat
984 3011 1192 3070 abunde,

555 3091 617 3137 17

1573 123 1672 174 198

1604 247 1670 297 20

1602 667 1667 716 25

1601 1089 1666 1137 30

1576 3024 1638 3069 10
