1894 3188
575 83 887 124 CARMINUM
913 82 1020 123 LIB.
1049 83 1126 122 ΙΙΙ.

716 276 855 324 ODE
887 275 1004 324 XX.

677 426 742 457 AD
779 425 1039 457 VENEREM.

321 546 443 595 V1x1
468 543 654 592 choreis
678 559 828 607 nuper
853 543 1071 599 idoneuS‚

324 629 388 678 Et
409 628 605 677 militavi
630 644 725 675 non
751 627 854 674 sine
879 627 1057 690 gloria:

387 712 535 761 Nunc
559 728 690 759 arma
712 711 1087 773 defunctumque
1112 710 1234 759 bello

451 795 679 844 Barbiton
705 795 783 842 hic
807 795 963 858 paries
996 794 1204 853 habebit,

325 880 519 929 Laevum
545 880 738 927 marinae
761 880 841 943 qui
866 881 1071 927 Veneris
1095 880 1218 926 latus

326 963 561 1011 Custodit.
633 965 744 1023 Hic,
771 964 851 1012 hio
873 965 1035 1027 ponite
1061 963 1224 1011 lucida

388 1047 593 1094 Funalia
617 1057 664 1095 et
687 1057 846 1096 vectes
871 1058 918 1096 et
942 1065 1081 1095 arcus

458 1132 701 1194 Oppositis
727 1133 904 1179 foribus
928 1133 1156 1179 minaces.
1342 1148 1355 1175 e

328 1215 376 1263 O
399 1232 500 1278 quae
527 1217 727 1272 beatam,
755 1217 878 1272 diva,
904 1225 1039 1263 tenes
1058 1217 1285 1278 Cyprum,
1309 1222 1355 1262 et

326 1299 577 1361 Memphin
602 1308 842 1346 carentem
869 1300 1087 1346 Sithonia
1111 1299 1234 1357 nive,

392 1383 600 1446 Regina,
626 1383 816 1429 sublimi
841 1383 1032 1446 fiagello

452 1466 624 1529 Tange
651 1467 839 1513 Chloen
865 1467 1012 1514 semel
1038 1473 1354 1529 arrogantem.

698 1816 838 1864 ODE
874 1816 1019 1864 XXI.

664 1967 730 1997 AD
769 1967 1055 2007 GALATEAM.

329 2084 504 2131 IMPros
528 2100 677 2146 parrae
701 2084 961 2130 recinentis
985 2099 1127 2130 omen

328 2167 501 2223 Ducat,
526 2176 573 2213 et
596 2183 851 2230 praegnans
875 2167 1024 2226 canis,
1053 2175 1133 2214 aut
1158 2167 1217 2214 ab
1241 2183 1354 2232 agro

328 2251 465 2298 Rava
489 2251 746 2298 decurrens
770 2251 882 2313 lupa
906 2251 1174 2308 Lanuvino,

722 2334 952 2397 Foetaque
977 2336 1142 2398 vulpes
1164 2352 1174 2381 :

327 2417 544 2481 Rumpat
567 2428 614 2465 et
638 2435 831 2481 serpens
856 2420 944 2466 iter
969 2420 1254 2476 institutum,

331 2501 384 2548 Si
406 2518 488 2564 per
513 2503 754 2564 obliquum
775 2503 944 2550 similis
969 2504 1152 2567 sagittae

328 2584 526 2633 Terruit
550 2603 764 2635 mannos.
834 2588 940 2651 Ego
964 2589 1043 2635 cui
1067 2588 1258 2648 timebo,

721 2672 952 2719 Providus
979 2689 1173 2735 auspex,

331 2753 605 2816 Antequam
631 2764 809 2803 stantes
834 2766 1015 2818 repetat
1038 2757 1236 2819 paludes

330 2837 561 2885 Imbrium
587 2840 747 2887 divina
772 2841 870 2886 avis
895 2841 1246 2900 imminentfim,

330 2919 562 2969 Oscinem
587 2940 778 2970 corvum
804 2941 946 2986 prece
972 2925 1214 2972 suscitabo

724 3008 848 3054 Solis
875 3009 933 3055 ab
957 3018 1078 3056 ortu.

527 3090 558 3136 7

1591 84 1656 134 73

1606 1299 1666 1345 10

1611 2840 1671 2887 10
