1894 3188
179 105 246 155 68

710 103 762 149 Q.
791 101 1031 142 HORATII
1057 101 1263 142 FLACCI

831 311 972 360 onE
1006 311 1121 361 xv.
1438 265 1546 385 χχ

775 461 843 493 AD
878 461 1177 494 AMPHORAM.

436 581 483 629 Ο
507 595 642 630 NATA
665 595 856 627 mecum
880 581 1078 628 consule
1113 579 1318 641 Manlio,

437 665 537 713 Seu
559 673 612 712 tu
634 664 866 726 querelas,
887 664 985 712 sive
1009 664 1136 726 geris
1168 664 1318 726 jocos,

502 749 600 796 Seu
623 748 774 795 rixam
799 756 846 795 et
869 749 1064 795 insanos
1088 763 1292 804 amores,

567 832 666 879 Seu
690 831 894 891 facilem,
918 831 999 894 pia
1021 839 1158 891 testa,
1185 847 1422 889 somnum,

434 915 742 977 Quocunque
765 915 946 962 lectum
969 915 1164 962 nomine
1187 915 1455 964 Massicum

436 1001 624 1057 Servas,
649 999 830 1048 moveri
853 999 1002 1062 digna
1024 1000 1151 1046 bono
1175 999 1253 1047 die
1275 1017 1285 1045 2

499 1084 772 1144 Descende,
798 1083 1008 1132 Corvino
1035 1083 1253 1147 jubente,

563 1169 789 1217 Promere
812 1167 1114 1231 languidiora
1145 1169 1271 1216 vina.

437 1254 549 1302 Non
573 1253 666 1313 ille,
691 1269 965 1316 quanquam
991 1253 1250 1301 Socraticis
1273 1255 1432 1302 madet

437 1338 764 1394 Sermonibus,
789 1346 836 1384 te
860 1337 1074 1401 negliget
1098 1338 1316 1385 horridus
1337 1355 1347 1384 z

501 1423 739 1470 Narratur
761 1430 810 1469 et
832 1421 977 1484 prisci
1002 1421 1202 1469 Catonis

567 1503 707 1568 Sae-pe
732 1520 865 1558 mero
887 1505 1092 1551 caluisse
1116 1505 1281 1552 virtus.

437 1590 519 1638 Tu
541 1590 649 1637 lene
672 1597 963 1636 tormentum
986 1588 1183 1651 ingenio
1206 1589 1427 1637 admoves

437 1673 723 1735 Plerumque
748 1673 867 1720 duro
888 1689 899 1718 :
935 1681 987 1719 tu
1011 1673 1297 1735 sapientium

502 1758 656 1806 Curas
680 1765 728 1804 et
751 1772 982 1804 arcanum
1001 1756 1167 1819 jocoso

567 1841 836 1889 Consilium
859 1840 1036 1904 retegis
1060 1840 1204 1903 Lyaeo
1226 1857 1237 1887 z

438 1926 520 1974 Tu
544 1942 676 1989 spem
699 1925 890 1973 reducis
914 1925 1155 1972 mentibus
1180 1925 1332 1973 anxiis

437 2011 671 2072 Viresque
692 2027 703 2068 ;
739 2018 788 2057 et
811 2009 947 2057 addis
970 2024 1151 2056 cornua
1172 2011 1385 2073 pauperi,

504 2095 617 2143 Post
639 2103 686 2141 te
710 2109 865 2156 neque
890 2093 1034 2140 iratos
1058 2094 1281 2141 trementi

567 2179 763 2242 Regum
788 2177 962 2240 apices,
988 2194 1143 2240 neque
1167 2178 1369 2226 militum
1395 2195 1535 2226 arma.

438 2264 515 2311 Te
538 2263 697 2321 Liber,
723 2270 784 2321 et,
811 2262 850 2308 si
873 2262 982 2308 laeta
1004 2262 1171 2318 aderit,
1197 2262 1377 2321 VenuS,

439 2348 715 2410 Segnesque
739 2346 917 2393 nodum
942 2345 1121 2392 solvere
1145 2346 1336 2405 Gratiae,

508 2431 730 2492 Vivaeque
753 2430 1020 2492 producent
1042 2429 1266 2489 lucernae,

567 2514 696 2561 Dum
720 2513 910 2562 rediens
934 2513 1066 2577 fugat
1085 2522 1210 2561 astra
1233 2513 1454 2561 Phoebus.

1471 378 1475 379 ⁷
1497 381 1504 390 t

1496 394 1502 406 Ἰ

1491 408 1501 429 ἶ
1542 385 1581 432 Χ

1491 439 1495 447 .
1586 440 1600 456 .-

1487 459 1492 480 ί
1598 457 1604 460 ,

1716 1341 1775 1386 10

1716 1759 1775 1806 15

1711 2182 1774 2227 20
