1894 3188
585 87 902 129 CARMINUM
929 87 1037 126 LIB.
1066 88 1140 128 IV.

395 215 616 273 Miratur,
641 229 670 261 o
693 214 842 263 tutela
863 229 1074 277 praesens

457 298 612 346 Italiae
637 298 938 360 dominaeque
963 298 1164 345 Romae:

329 381 421 441 Te,
448 381 650 429 fontium
673 381 754 444 qui
779 382 903 429 celat
933 382 1160 445 origines,

328 465 582 528 Nilusque,
608 474 656 512 et
681 466 819 525 Ister,
846 475 892 514 te
917 466 1114 529 rapidus
1138 465 1320 529 Tigris,

392 549 470 597 Te
494 549 736 598 belluosus
760 549 841 612 qui
865 550 1060 597 remotis

458 632 708 696 Obstrepit
732 633 962 683 Oceanus
987 633 1249 690 Britannis,

328 714 406 763 Te
431 732 527 764 non
552 718 773 780 paventis
798 718 966 765 funera
989 718 1160 767 Galliae

330 799 569 864 Duraeque
594 802 734 849 tellus
759 802 891 849 audit
915 802 1115 849 Iberiae:

394 885 471 933 Te
496 887 628 932 caede
653 887 919 948 gaudentes
945 885 1183 933 Sicambri

460 969 750 1032 Compositis
774 979 1062 1018 venerantur
1087 969 1247 1017 armis.

705 1398 847 1472 oDE
883 1424 1024 1472 XIV.

639 1591 856 1623 AUGUSTI
892 1591 1104 1624 LAUDES.

330 1726 552 1775 PnOEsz
578 1726 816 1774 volentem
840 1727 1008 1789 proelia
1031 1744 1108 1775 me
1132 1728 1261 1790 loqui

332 1811 502 1860 Victas
526 1819 573 1857 et
597 1812 739 1857 urbes
764 1811 1003 1874 increpuit
1034 1812 1150 1874 lyra,

396 1895 476 1942 Ne
498 1911 643 1957 parva
667 1895 976 1957 Tyrrhenum
1001 1912 1085 1958 per
1110 1911 1268 1958 aequor

460 1978 584 2025 Vela
608 1979 787 2025 darem.
858 1979 984 2038 Tua,
1013 1980 1190 2039 Caesar,
1217 1988 1330 2027 aetas

330 2061 516 2125 Fruges
540 2070 588 2108 et
612 2062 739 2124 agris
763 2063 945 2109 rettulit
969 2063 1155 2122 uberes,

330 2146 395 2194 Et
419 2146 556 2208 signa
581 2154 741 2193 nostro
765 2146 974 2193 restituit
997 2146 1106 2194 Jovi

394 2229 597 2292 Direpta
622 2229 906 2278 Parthorum
932 2231 1150 2294 superbis

463 2313 702 2369 Postibus,
728 2322 776 2361 et
800 2330 1004 2362 vacuum
1029 2315 1201 2362 duellis

330 2397 508 2445 Janum
533 2397 733 2448 Quirini
758 2398 944 2458 clausit,
972 2408 1020 2446 et
1043 2400 1262 2450 ordinem

331 2480 545 2529 Rectum
570 2491 619 2529 et
643 2482 834 2545 vaganti
860 2482 1007 2530 fraena
1029 2483 1238 2532 licentiae

393 2565 595 2628 Injecit':
611 2566 877 2628 amovitque
903 2567 1082 2630 culpas,

457 2649 521 2697 Et
544 2658 729 2697 veteres
753 2651 992 2698 revocavit
1018 2660 1158 2712 artes,

325 2732 418 2780 Per
442 2750 562 2795 quas
586 2734 814 2781 Latinum
839 2751 1015 2782 nomen
1041 2745 1089 2784 et
1112 2736 1248 2785 Italae

327 2816 537 2865 Crevere
563 2818 702 2874 vires,
730 2818 949 2880 famaque
974 2828 1021 2866 et
1045 2820 1215 2883 imperi

393 2901 623 2950 Porrecta
647 2903 870 2965 majestas
895 2904 953 2950 ad
989 2913 1147 2953 ortum

456 2985 584 3034 Solis
609 2987 669 3033 ab
694 2987 933 3049 Hesperio
957 2989 1120 3036 cubili.

586 3070 619 3116 9

1605 93 1672 141 97

1610 382 1674 429 45

1612 800 1678 848 50

1620 2489 1680 2537 10

1619 2909 1679 2957 15
