1894 3188
632 85 960 126 SATIRARUM
985 85 1094 126 LIB.
1123 86 1157 125 Ι.
1591 93 1686 142 121

159 210 295 262 Quid
320 211 453 259 statis
470 210 537 278 'lf’
574 209 623 258 N
627 210 759 258 olint.
829 211 978 274 Atqui
1002 211 1115 258 licet
1139 227 1242 258 esse
1269 211 1433 260 beatis.
1535 276 1538 277 ⁷

156 295 293 347 Quid
318 312 473 344 causae
497 303 568 342 est
592 293 761 342 merito
786 295 901 357 quin
924 295 1016 363 illis
1041 295 1227 358 Jupiter
1253 297 1415 344 ambas
1623 298 1689 346 20

158 381 314 434 Iratus
338 381 515 427 buccas
539 378 688 435 inflet,
714 395 868 441 neque
894 395 957 426 se
970 380 1066 426 fore
1091 381 1288 442 posthac

158 463 284 534 Tam
310 464 497 511 facilem
521 463 654 510 dicat
676 462 796 510 votis
820 472 872 510 ut
892 464 1100 538 praebeat
1124 479 1285 510 aurem
1301 465 1320 511 ’.Ρ

221 547 471 607 Praeterea,
497 564 558 595 ne
583 547 667 606 sic,
694 555 745 599 ut
768 547 846 610 qui
867 547 1112 610 jocularia,
1136 548 1297 594 ridens

156 631 464 679 Percurram:
500 646 768 693 quanquam
792 630 1027 677 ridentem
1054 631 1215 679 dicere
1243 648 1404 680 verum

153 715 289 766 Quid
314 724 470 762 vetat.
455 717 473 749 ‘²
510 724 563 763 ut
587 715 746 778 pueris
769 704 884 762 olim
892 698 1022 762 dant
1046 717 1258 763 crustula
1283 715 1444 764 blandi
1621 717 1685 765 25

155 797 403 855 Doctores,
429 799 666 846 elementa
690 799 836 853 velint
859 808 912 846 ut
935 799 1120 847 discere
1144 801 1326 862 prima·

102 895 106 898 ’
155 883 253 930 Sed
277 892 437 931 tamen
463 891 618 930 amoto
641 895 907 945 quaeramus
931 884 1054 931 seria
1077 883 1204 932 ludo.

154 954 242 1014 Ille
266 983 458 1030 gravem
483 968 602 1014 duro
627 978 800 1017 terram
822 968 903 1030 qui
927 968 1066 1015 vertit
1091 977 1260 1028 aratro,
1308 1004 1312 1007 -
1334 999 1337 1001 -
1405 975 1410 979 '

155 1050 371 1098 Perfidus
396 1052 474 1098 hic
500 1068 666 1114 caupo,
692 1051 844 1108 miles,
869 1058 1120 1114 nautaeque
1145 1069 1228 1114 per
1252 1069 1398 1100 omne
1431 1036 1435 1041 .

155 1126 383 1182 Audaces
407 1151 535 1182 mare
561 1136 640 1197 qui
665 1144 878 1192 currunt,
906 1136 995 1183 hac
1020 1145 1178 1183 monte
1203 1136 1413 1184 laborem
1624 1139 1688 1187 30

67 1228 71 1235 ²
120 1212 124 1216 ³
152 1219 269 1264 Sese
296 1218 431 1284 ferre,
458 1235 597 1269 senes
622 1228 673 1265 ut
697 1219 746 1265 in
770 1219 866 1286 otia
891 1228 992 1274 tuta
1015 1209 1259 1276 recedant,

68 1298 75 1309 ”’
151 1301 318 1360 Aiunt,
345 1318 489 1363 quum
515 1302 604 1348 sibi
630 1303 724 1349 sint
748 1298 975 1366 congesta
999 1288 1210 1350 cibaria
1232 1303 1372 1361 sicut
1430 1321 1431 1326 ¹
1478 1320 1481 1324 ·

150 1385 368 1441 Pa1·‚vula
394 1402 505 1432 nam
530 1386 748 1448 exemplo
772 1395 859 1442 est,
885 1387 1047 1449 magni
1073 1353 1270 1454 forniica
1293 1388 1490 1436 laboris
1506 1416 1513 1424 ·

148 1468 248 1516 Ore
272 1469 415 1515 trahit
439 1470 757 1542 quodcunque
779 1456 948 1532 potest,
976 1481 1125 1534 atque
1141 1449 1270 1519 addit
1296 1489 1467 1523 acervo
1527 1489 1529 1496 ’

147 1551 310 1603 Quem
336 1553 503 1612 struit
490 1551 679 1629 haud
646 1570 834 1626 ignara
859 1571 915 1627 ac
941 1572 1037 1602 non
1063 1556 1258 1603 incauta
1282 1557 1442 1606 futuri.
1456 1560 1468 1603 '3
1620 1559 1684 1606 35

143 1635 286 1692 Quae,
313 1635 488 1684 simul
476 1626 716 1685 inversum
740 1623 991 1686 contristat
1016 1632 1259 1702 Aquarius
1288 1657 1484 1701 annum,

145 1719 259 1767 Non
284 1737 481 1783 usquam
506 1706 727 1785 prorepit,
755 1733 802 1769 et
814 1722 919 1769 illis
945 1723 1091 1771 utitur
1105 1723 1224 1771 ante

144 1803 375 1854 Quaesitis
400 1805 620 1869 sapiens:
656 1823 799 1868 quum
826 1815 872 1854 te
898 1823 1052 1869 neque
1078 1808 1286 1855 fervidus
1311 1814 1453 1856 aestus
1494 1852 1500 1854 .

145 1886 397 1954 Dimoveat
419 1889 566 1948 lucro,
593 1906 748 1951 neque
774 1891 941 1946 hiems,
968 1891 1111 1954 ignis,
1139 1908 1282 1951 mare,
1310 1884 1486 1940 ferrum
1500 1907 1547 1951 3a

141 1969 224 2017 Nil
249 1971 403 2018 obstet
426 1972 526 2030 tibi,
553 1973 666 2019 dum
691 1990 751 2020 ne
776 1974 837 2020 sit
859 1983 905 2021 te
931 1975 1071 2021 ditior
1097 1975 1228 2022 alter.
1616 1977 1680 2025 40

140 2053 275 2104 Quid
296 2054 428 2117 juvat
452 2055 737 2103 immensum
761 2065 807 2104 te
832 2058 1016 2120 argenti
1041 2060 1226 2120 pondus
1251 2042 1298 2105 et
1323 2059 1426 2107 auri

141 2136 325 2184 Furtim
351 2138 536 2188 defossa
559 2134 777 2186 timidum
803 2134 1041 2204 deponere
1066 2143 1189 2188 terra
1212 2143 1299 2188 22...

139 2221 302 2280 Quod,
329 2222 367 2268 si
393 2223 708 2280 comminuas,
733 2224 874 2270 vilem
900 2210 1142 2288 redigatur
1162 2226 1219 2272 ad
1245 2242 1483 2274 assem.—

138 2308 220 2363 At,
246 2305 295 2353 ni
321 2306 368 2352 id
392 2306 460 2362 fit,
485 2307 597 2367 quid
623 2307 766 2354 habet
788 2308 975 2370 pulchri
1000 2318 1304 2358 constructus
1327 2300 1566 2360 acervus?

138 2388 294 2436 Millia
318 2389 542 2437 frumenti
566 2399 649 2437 tua
671 2391 854 2438 triverit
877 2408 985 2455 area
1011 2402 1234 2440 centum·
1222 2430 1234 2451 ,
1611 2397 1676 2446 45

136 2472 249 2521 Non
273 2482 383 2520 tuus
407 2475 498 2522 hoc
522 2475 680 2538 capiet
705 2465 866 2523 venter
890 2477 996 2539 plus
1020 2494 1162 2540 quam
1187 2494 1353 2526 meus:
1388 2488 1458 2537 ut,
1483 2480 1524 2529 si

136 2557 416 2604 Reticulum
441 2559 579 2621 panis
604 2560 796 2618 venales
820 2560 943 2608 inter
967 2572 1139 2610 onusto
1191 2572 1205 2599 3
1230 2565 1248 2608 st

134 2640 278 2688 Forte
305 2643 447 2689 vehas
471 2643 684 2703 humero,
710 2644 859 2692 nihilo
883 2646 987 2708 plus
1011 2646 1223 2709 accipias
1246 2645 1391 2709 quam

131 2724 236 2776 Qui
259 2726 326 2772 nil
350 2728 559 2789 portarit.
576 2715 598 2774 ξ
631 2728 722 2775 Vel
747 2729 842 2784 dic,
868 2729 981 2791 quid
1005 2730 1178 2778 referat
1204 2731 1331 2778 intra

131 2808 180 2856 N
185 2817 332 2856 aturae
356 2799 692 2868 fines'viventi,
713 2812 885 2875 juge-ra
908 2822 1120 2871 centum,
1147 2831 1211 2862 an
1606 2817 1672 2866 50

131 2889 268 2938 Mille
291 2901 391 2939 aret
410 2894 568 2945 2-·-At
592 2908 736 2942 suave
760 2904 833 2942 est
856 2912 915 2943 ex
940 2913 1114 2960 magno
1132 2897 1299 2946 tollere
1319 2913 1574 2948 acervo.—

83 3030 88 3036 ,
129 2969 259 3018 Dum
281 2988 342 3020 ex
363 2989 506 3036 parvo
529 2975 668 3023 nobis
690 2977 974 3035 tantundem
998 2978 1189 3027 haurire
1207 2979 1466 3043 relinqua-⁴3,

652 3059 711 3106 11
