1894 3188
633 102 962 143 SATIRARUM
995 102 1104 143 LIB.
1133 104 1188 142 ΙΙ.
1612 106 1710 155 163

177 238 190 260 ‘
211 228 451 277 Deficient
473 228 664 290 inopem
688 243 821 276 venae
845 237 908 285 te,
933 228 985 276 ni
1008 228 1145 277 cibus
1177 237 1316 291 atque

175 313 355 378 Ingens
379 313 578 361 accedat
602 313 849 360 stomacho
873 313 1047 360 fultura
1077 312 1250 360 ruenti.

176 397 258 445 Tu
278 413 437 445 cessas
455 397 474 444 ’.Ρ
500 397 719 459 agedum,
740 413 875 444 sume
895 397 987 444 hoc
1005 396 1317 460 ptisanarium
1340 394 1532 458 oryzae.’
1612 396 1706 445 155

178 481 389 533 ‘Quanti
429 491 600 543 emptae
618 481 637 527 ’ἔ
655 479 668 502 ’
719 484 730 505 ‘
750 480 935 528 Parvo.'
976 480 1186 532 ‘Quanti
1224 496 1338 545 ergo
1358 480 1404 529 2’
1462 484 1473 505 ‘
1490 479 1706 531 Octussi-

304 565 423 612 bus.'
496 569 506 589 ‘
528 564 669 611 Eheu
691 562 701 610 Ξ

172 648 307 700 Quid
332 649 475 696 refert
498 649 664 697 morbo
689 664 749 695 an
774 647 911 695 furtis
934 664 1184 712 pereamve
1208 649 1386 713 rapinis
1406 651 1426 697 ’ἓ
1447 652 1456 673 ’
1479 650 1509 673 '²

176 732 460 784 “Quisnam
486 732 630 796 igitur
662 748 806 780 sanus
826 734 845 779 Ἰ
863 732 893 755 ”
953 737 979 758 “
998 732 1103 784 Qui
1127 750 1223 782 non
1248 735 1468 782 stultus.’'
1527 733 1706 787 “Quid

301 833 469 864 avarus
487 817 506 864 ’ἒ
527 817 554 838 ”

174 905 200 927 “
221 901 404 948 Stultus
429 910 477 948 et
500 901 745 949 insanuS.''
816 905 844 927 “
864 900 1002 952 Quid
1023 903 1042 948 ’ἔ
1079 901 1119 949 si
1142 901 1247 964 quis
1271 918 1368 950 non
1392 902 1453 950 sit
1477 918 1658 951 avarus.

173 983 417 1032 Continuo
438 986 616 1032 sanus?
638 985 667 1007 '²
728 989 754 1010 “
771 983 1029 1034 Minime.''
1101 990 1127 1011 “
1149 986 1262 1047 Cur,
1284 987 1446 1035 Stoice
1467 988 1530 1033 '2’'
1569 995 1600 1018 ‘⁶
1619 987 1704 1035 Di-

301 1084 423 1116 cam.
1609 1072 1703 1119 160

174 1156 185 1177 ‘
205 1151 320 1199 Non
345 1161 418 1200 est
442 1153 722 1212 cardiacuS,’
751 1152 1000 1200 Craterum
1026 1152 1202 1201 dixisse
1225 1162 1405 1217 putato,

171 1243 184 1265 ‘
201 1235 300 1282 Hic
325 1237 479 1299 aegerss
551 1244 563 1265 ‘
580 1234 741 1284 Recte
765 1244 837 1283 est
861 1237 1019 1299 igitur,
1045 1246 1300 1300 surgetque
1317 1239 1336 1284 ’ἔ
1355 1239 1365 1260 ’
1402 1237 1628 1303 Negabit,

167 1318 319 1370 Quod
343 1320 466 1366 latus
490 1328 571 1367 aut
594 1336 733 1367 renes
756 1320 920 1368 morbo
944 1329 1186 1368 tententur
1218 1330 1373 1370 acuto.

166 1402 279 1451 Non
305 1411 377 1450 est
398 1403 631 1466 perjurus,
656 1419 811 1465 neque
836 1404 1083 1462 sordidus;
1121 1405 1333 1453 immolet
1360 1406 1506 1468 aequis

167 1485 266 1534 Hic
288 1503 486 1549 porcum
511 1487 716 1534 Laribus
737 1504 748 1533 ι
784 1486 951 1534 verum
975 1488 1252 1535 ambitiosus
1275 1497 1323 1536 et
1347 1490 1502 1537 audax
1522 1507 1533 1549 ;
1606 1492 1700 1539 165

167 1569 376 1633 Naviget
400 1570 713 1632 Anticyram:
749 1571 863 1633 quid
887 1571 1016 1618 enim
1040 1572 1208 1631 differt,
1236 1573 1523 1622 barathrone

166 1653 331 1701 Dones
354 1654 582 1716 quidquid
607 1655 769 1711 habes,
795 1671 857 1701 an
881 1671 1125 1717 nunquam
1149 1664 1282 1704 utare
1306 1658 1519 1720 paratis?

168 1737 364 1784 Servius
389 1737 626 1800 Oppidius
651 1737 836 1784 Canusi
861 1738 956 1785 duo
978 1738 1172 1801 praedia,
1199 1739 1330 1788 dives

166 1818 379 1882 Antiquo
403 1837 568 1877 censu,
595 1821 752 1884 gnatis
776 1820 950 1868 divisse
974 1822 1160 1870 duobus

167 1902 355 1959 Fertur,
381 1912 428 1949 et
451 1904 554 1950 haec
577 1904 784 1951 moriens
807 1906 967 1968 pueris
990 1906 1166 1953 dixisse
1190 1908 1371 1954 vocatis
1603 1911 1697 1959 170

166 1985 246 2033 Ad
269 1986 446 2033 lectum
468 2003 479 2032 ε
517 1992 527 2012 ‘
549 1987 803 2049 Postquam
826 1996 873 2035 te
897 1989 1032 2045 talos,
1058 1990 1201 2046 Aule,
1227 2007 1470 2054 nucesque

166 2069 312 2117 Ferre
338 2069 446 2116 sinu
468 2070 589 2129 laxo,
615 2071 791 2118 donare
816 2082 863 2118 et
886 2071 1050 2119 ludere
1074 2073 1169 2120 vidi
1191 2090 1204 2130 3

164 2153 256 2213 Te,
282 2154 468 2210 Tiberi,
493 2170 760 2211 numerare,
786 2155 914 2202 cavis
938 2156 1230 2204 abscondere
1254 2157 1464 2216 tristem3

164 2238 377 2285 Extimui
402 2254 462 2284 ne
486 2254 567 2285 vos
591 2246 753 2301 ageret
776 2239 972 2286 vesania
995 2240 1202 2299 discors;

163 2321 244 2369 Tu
265 2322 639 2378 Nomentanum,
665 2331 716 2370 tu
739 2339 800 2370 ne
825 2339 1073 2385 sequerere
1094 2324 1330 2373 Cicutam.
1600 2331 1693 2379 175

161 2405 344 2463 Quare,
370 2422 452 2468 per
477 2406 608 2453 divos
631 2415 790 2454 oratus
814 2417 1010 2470 uterque
1035 2407 1257 2466 Penates,

163 2490 245 2537 Tu
269 2507 383 2537 cave
408 2507 468 2537 ne
493 2490 698 2547 minuaS‚
723 2499 774 2538 tu
798 2507 860 2538 ne
885 2492 1037 2555 majus
1062 2492 1208 2540 facias
1232 2493 1279 2541 id

160 2572 308 2625 Quod
333 2572 449 2621 satis
473 2590 577 2621 esse
600 2583 733 2638 putat
756 2584 904 2637 pater,
929 2584 977 2622 et
1000 2584 1170 2623 natura
1193 2581 1398 2627 coercet.

161 2657 410 2717 Praeterea,
437 2674 497 2704 ne
521 2674 602 2705 vos
626 2658 783 2706 titillet
805 2658 971 2721 gloria,
992 2659 1121 2722 jure-

156 2740 360 2804 jurando
383 2742 676 2806 obstringam
700 2743 866 2790 ambo:
903 2752 1007 2790 uter
1033 2743 1181 2791 aedilis
1205 2744 1404 2794 fueritve
1599 2749 1692 2797 180

160 2823 381 2871 Vestrum
405 2834 588 2887 praetor,
615 2825 654 2872 is
678 2826 960 2873 intestabilis
985 2834 1032 2873 et
1055 2843 1190 2874 sacer
1214 2837 1330 2876 esto.

159 2906 219 2954 In
243 2908 398 2955 cicere
423 2917 562 2970 atque
587 2909 693 2957 faba
717 2910 842 2957 bona
865 2918 916 2957 tu
940 2911 1207 2974 perdasque
1232 2912 1427 2976 lupinis,

159 2990 307 3039 Latus
329 3001 382 3040 ut
405 2993 454 3040 in
479 2994 623 3042 Circo
646 2995 866 3059 spatiere,
892 3003 977 3043 aut
1001 3011 1163 3044 aeneus
1186 3005 1239 3044 ut
1262 3006 1371 3058 stes,
