1894 3188
132 115 236 164 136·
655 114 706 160 Q.
737 114 976 154 HORATII
1015 115 1222 156 FLACCI

189 237 322 286 Pene
348 239 477 295 arsit,
504 255 690 287 macros
715 241 829 287 dum
853 242 1017 288 turdos
1043 251 1197 290 versat
1220 243 1270 290 in
1295 243 1407 307 igne
1429 261 1442 292 t

188 322 318 369 Nam
343 339 465 386 vaga
488 341 572 387 per
597 334 806 372 veterem
832 326 1018 389 dilapso
1042 327 1234 375 flamma
1261 328 1473 380 culinam

188 407 410 455 Vulcano
435 425 674 456 summum
699 411 983 472 properabat
1006 411 1216 459 lambere
1240 421 1437 460 tectum.

186 491 426 540 Convivas
451 494 613 540 avidos
638 510 827 541 coenam
853 511 1104 558 servosque
1129 497 1357 544 timentes
1667 499 1736 546 75

185 575 318 623 Tum
342 594 525 639 rapere,
552 587 694 640 atque
720 595 889 626 omnes
913 580 1211 643 restinguere
1236 581 1357 628 velle
1382 580 1583 628 videres.

251 660 431 723 Incipit
454 678 514 709 ex
539 663 618 710 illo
643 673 830 710 montes
856 664 1034 727 Apulia
1065 674 1202 712 notos

184 743 443 793 Ostentare
468 747 602 803 mihi,
629 763 746 808 quos
770 756 917 794 torret
941 749 1196 804 Atabulus,
1222 758 1271 796 et
1293 766 1414 811 quos

181 828 444 892 Nunquam
469 847 762 893 erepsemus‚
789 833 881 879 nisi
906 849 992 879 nos
1018 833 1176 879 vicina
1200 833 1386 880 Trivici

181 913 312 960 Villa
335 915 607 977 recepisset,
634 916 900 978 lacrymoso
924 933 1021 964 non
1048 917 1151 964 sine
1177 918 1321 977 fumo,
1505 939 1513 946 ⁸
1668 919 1738 967 80

181 996 313 1045 Udos
338 1015 449 1045 cum
475 999 598 1046 foliis
622 1016 779 1047 ramos
804 1009 972 1047 urente
993 1002 1198 1048 camino.

246 1081 472 1132 Quatuor
498 1084 612 1130 hinc
637 1084 846 1147 rapimur
871 1086 1040 1148 viginti
1065 1095 1113 1133 et
1138 1086 1287 1133 millia
1310 1087 1485 1146 rhedis,

181 1166 408 1214 Mansuri
433 1169 659 1231 oppidulo
684 1171 809 1232 quod
835 1187 973 1217 versu
999 1171 1160 1218 dicere
1185 1188 1283 1218 non
1311 1181 1398 1228 est,

179 1251 345 1314 Signis
369 1254 603 1315 perfacile
628 1263 700 1301 est
722 1271 731 1300 ε
770 1255 900 1302 venit
924 1255 1149 1302 vilissima
1174 1272 1334 1302 rerum

181 1335 282 1383 Hic
307 1352 459 1398 aqua3
498 1339 581 1384 sed
606 1339 745 1400 panis
769 1338 912 1402 longe
938 1340 1306 1401 pulcherrimus,
1332 1338 1457 1387 ultra
1664 1340 1727 1387 8(

179 1419 397 1467 Callidus
422 1429 474 1468 ut
498 1422 647 1469 soleat
672 1423 884 1469 humeris
907 1432 1095 1485 portare
1120 1424 1268 1470 viator
1289 1440 1305 1469 t

178 1503 309 1550 Nam
334 1505 517 1551 Canusi
543 1506 800 1567 lapidosus,
828 1523 960 1567 aquae
986 1523 1083 1554 non
1110 1507 1251 1554 ditior
1276 1523 1429 1565 urna;’

177 1586 283 1638 Qui
306 1588 442 1635 locus
468 1605 494 1635 a
519 1589 626 1635 forti
653 1589 889 1636 Diomede
914 1599 986 1637 est
1010 1591 1233 1637 conditus
1257 1591 1386 1637 olim.

177 1672 432 1720 Flentibus
458 1674 536 1720 hic
561 1674 740 1720 Varius
764 1675 969 1721 discedit
994 1684 1191 1721 moestus
1211 1676 1393 1722 amicis.

243 1756 368 1805 Inde
394 1758 566 1805 Rubos
592 1758 703 1804 sessi
728 1759 1046 1820 perveniinUS‚
1075 1768 1236 1821 utpote
1265 1760 1463 1823 longum
1662 1762 1728 1809 90

176 1841 443 1905 Carpentes
469 1843 574 1898 iter,
601 1851 648 1888 et
673 1842 851 1888 factum
878 1843 1146 1904 corruptius
1171 1843 1325 1890 imbri.

176 1926 374 1974 Postera
398 1935 656 1988 tempestas
681 1926 846 1973 mel-ior
868 1943 880 1983 ς
918 1927 996 1973 via
1019 1927 1149 1989 pejor
1175 1928 1234 1973 ad
1260 1943 1409 1989 usque

176 2011 288 2059 Bari
314 2011 491 2058 moenia
514 2011 704 2073 piscosi.
776 2011 968 2057 Dehinc
993 2011 1185 2065 Gnatia,
1211 2012 1421 2074 lymphis

176 2095 322 2143 Iratis
347 2105 603 2155 exstructa,
632 2096 765 2142 dedit
788 2096 1005 2157 risusque
1026 2096 1254 2158 jocosque
1275 2113 1285 2154 3

177 2180 323 2240 Dum,
351 2180 542 2227 flamma
567 2181 685 2239 sine,
712 2182 852 2226 thura
876 2180 1139 2241 liquescere
1165 2180 1330 2228 limine
1355 2197 1492 2229 sacro
1657 2183 1722 2229 95

178 2264 476 2311 Persuadere
502 2265 661 2327 cupit:
699 2265 865 2312 credat
889 2265 917 2310 J
925 2265 1087 2310 udaeus
1114 2265 1300 2327 Apella,

177 2348 292 2396 Non
317 2365 407 2411 ego
428 2366 439 2406 3
478 2365 683 2410 namque
708 2349 822 2395 deos
847 2349 994 2395 didici
1015 2365 1237 2395 securum
1263 2365 1405 2412 agere
1430 2365 1581 2397 aevum
1602 2365 1616 2405 ς

176 2433 300 2492 Nec,
322 2434 361 2481 si
385 2434 497 2495 quid
524 2434 631 2479 miri
658 2433 802 2480 faciat
826 2442 1016 2489 natura,
1043 2434 1157 2480 deos
1181 2433 1230 2480 id

175 2517 364 2565 Tristes
388 2534 448 2564 ex
473 2517 566 2564 alto
592 2518 699 2563 coeli
725 2518 974 2563 demittere
999 2526 1140 2564 tecto.

180 2601 507 2649 Brundusium
532 2602 686 2664 longa-3
712 2601 821 2648 finis
846 2602 1115 2666 chartaeque
1140 2601 1334 2666 viaeque.
1629 2602 1726 2650 100
