1894 3188
639 59 950 103 CARMINUM
975 59 1083 99 LIB.
1112 59 1167 98 ΙΙ.

380 189 621 238 Visendus
644 195 744 235 ater
767 185 964 234 flumine
986 183 1214 247 languido

378 274 589 335 Cocytus
612 286 792 330 erranS‚
817 278 866 317 et
888 269 1046 317 Danai
1069 283 1222 331 genus

444 356 646 412 Infame,
671 355 1018 416 damnatusque
1040 352 1172 416 longi

508 440 741 502 Sisyphus
761 438 975 486 AEolides
998 436 1188 485 laboris,

379 524 662 586 Linquenda
684 523 839 579 tellus,
865 530 913 569 et
935 523 1117 580 domus,
1142 528 1191 567 et
1213 519 1409 582 placens

376 607 504 656 Uxor
524 625 534 654 :
570 623 725 670 neque
749 608 917 654 harum
940 622 1055 668 quas
1079 605 1196 653 colis
1235 604 1452 651 arborum

443 691 535 750 Te,
561 700 730 754 praeter
754 690 929 738 invisas
955 705 1220 753 cupressos,

506 775 618 823 Ulla
641 776 832 823 brevem
856 775 1101 823 dominum
1126 781 1361 836 sequetur.

381 859 616 907 Absumet
639 860 789 907 haeres
816 860 1028 907 Caecuba
1050 858 1238 921 dignior

381 943 577 989 Servata
600 951 794 990 centum
818 942 1030 990 clavibus
1051 958 1064 998 3
1101 949 1149 988 et
1172 955 1302 987 mero

446 1025 627 1089 Tinget
650 1027 975 1089 pavimentum
999 1024 1255 1088 superbum

507 1109 793 1158 Pontificum
816 1110 998 1173 potiore
1022 1108 1173 1156 coenis

765 1477 905 1525 ODE
940 1478 1060 1524 XII.

554 1629 608 1660 IN
645 1629 724 1660 SUI
760 1628 950 1660 SAECULI
987 1627 1266 1660 LUXURIAM.

373 1747 480 1794 JAM
502 1763 656 1809 pauca
681 1755 838 1794 aratro
858 1747 1026 1810 jugera
1049 1746 1192 1810 regiae

376 1830 530 1879 Moles
554 1832 823 1894 relinquent
845 1849 854 1878 :
891 1831 1105 1893 undique
1127 1829 1267 1878 latius

440 1916 644 1963 Extenta
670 1916 882 1964 visentur
913 1915 1127 1963 Lucrino

505 2001 690 2064 Stagna
711 2001 820 2048 lacu
841 2018 851 2058 ;
888 2001 1203 2063 platanusque
1222 1999 1398 2046 coelebs

377 2083 581 2131 Evincet
604 2085 785 2131 ulmos:
821 2093 923 2131 tum
957 2083 1152 2130 violaria
1175 2092 1223 2129 et

375 2166 575 2229 Myrtus,
602 2177 649 2214 et
671 2168 826 2215 omnis
850 2167 992 2230 copia
1016 2167 1206 2214 narium

441 2252 679 2314 Spargent
700 2251 886 2298 olivetis
908 2251 1116 2310 odorem,

503 2335 763 2383 Fertilibus
787 2335 980 2383 domino
1004 2335 1150 2398 priori
1173 2352 1181 2382 :

374 2419 504 2467 Tum
529 2420 680 2482 spissa
701 2421 846 2467 ramis
869 2420 1033 2467 laurea
1056 2419 1260 2467 fervidos

374 2504 610 2553 Excludet
634 2505 771 2552 ictus.
840 2504 955 2552 Non
979 2504 1045 2551 ita
1067 2504 1265 2552 Romuli

437 2588 768 2652 Praescriptum
793 2597 842 2636 et
863 2588 1039 2636 intonsi
1063 2587 1261 2637 Catonis

502 2674 760 2736 Auspiciis,
786 2682 1094 2736 veterumque
1118 2674 1297 2721 norma.

373 2757 588 2805 Privatus
612 2758 704 2806 illis
728 2774 903 2806 census
926 2767 1028 2805 erat
1051 2758 1222 2818 brevis,

370 2840 639 2889 Commune
663 2859 919 2906 magnum:
956 2843 1090 2891 nulla
1114 2843 1421 2906 decempedis

436 2925 618 2974 Metata
639 2927 831 2990 privatis
850 2943 1049 2989 opacam

499 3009 717 3059 Porticus
741 3011 1014 3075 excipiebat
1038 3012 1219 3060 Arcton
1244 3029 1256 3057 ε

541 3094 605 3141 4*

1640 60 1703 107 41

1647 434 1713 481 20

1682 2085 1715 2129 C(

1650 2505 1711 2552 10
