1894 3188
624 110 952 151 SATIRARUM
987 112 1097 151 LIB.
1127 113 1182 151 ΙΙ.

170 232 282 280 Sive
305 242 377 281 est
400 242 578 282 naturae
605 236 710 296 hoc,
737 237 834 284 sive
859 238 988 294 artis,
1013 238 1162 285 mirus
1187 247 1399 301 utroque.

810 335 992 361 CATIUS.

169 386 308 438 Quin
333 388 381 436 id
405 397 508 437 erat
531 406 675 447 curae,
700 409 793 454 quo
816 403 956 455 pacto
981 401 1158 440 cuncta
1180 402 1392 442 tenerem
1415 412 1427 453 3

167 470 341 535 Utpote
365 490 440 521 res
464 482 648 532 tenues,
674 477 807 523 tenui
832 494 1050 526 sermone
1074 487 1307 541 peractas.

775 577 1029 605 HORATIUS.

169 634 273 682 Ede
297 637 502 685 hominis
526 654 702 687 nomen
723 657 734 687 z
771 641 911 688 simul
936 651 984 689 et
1007 643 1261 691 Romanus
1286 660 1346 692 an
1372 645 1557 710 hospes.

814 741 996 769 CATIUS.

167 799 279 862 Ipsa
302 817 482 849 memor
505 813 743 868 praecepta
766 821 938 852 canam
959 825 970 865 ;
1009 808 1241 855 celabitur
1261 817 1440 857 auctor.

166 883 334 948 Longa
357 887 528 948 quibus
554 888 700 935 facies
723 890 822 937 ovis
847 891 951 947 erit,
978 891 1058 938 illa
1082 901 1340 950 memento,

166 968 230 1016 Ut
253 971 387 1017 succi
411 971 618 1019 melioris
644 982 690 1020 et
714 982 766 1021 ut
790 973 941 1038 magis
967 976 1092 1023 alma
1116 977 1348 1033 rotundis,

164 1052 351 1101 Ponere
372 1071 382 1100 ε
419 1072 622 1118 namque
647 1074 825 1105 marem
851 1060 1078 1107 cohibent
1102 1061 1282 1109 callosa
1305 1061 1532 1110 vitellum.

164 1136 317 1184 Caule
342 1139 628 1200 suburbano,
654 1142 734 1203 qui
760 1143 902 1189 siccis
927 1143 1075 1191 crevit
1100 1144 1149 1191 in
1176 1144 1317 1207 agris,

163 1219 391 1280 Dulcior3
429 1223 606 1286 irriguo
631 1226 748 1272 nihil
774 1236 845 1273 est
869 1228 1043 1274 elutius
1069 1229 1218 1276 horto.

163 1303 217 1351 Si
241 1307 537 1367 vespertinus
563 1309 717 1356 subito
742 1322 787 1357 te
812 1313 1098 1373 oppresserit
1123 1314 1310 1376 hospes,

160 1388 239 1435 Ne
264 1390 441 1452 gallina
466 1393 641 1440 malum
666 1405 914 1457 responset
938 1397 1057 1443 dura
1080 1397 1254 1459 palato,

159 1471 345 1520 Doctus
369 1475 462 1521 eris
486 1476 638 1523 vivam
666 1478 811 1525 mixto
837 1496 1043 1527 mersare
1069 1481 1305 1529 Falerno:

160 1556 269 1605 Hoc
293 1567 505 1606 teneram
532 1561 687 1608 faciet.
757 1562 1067 1611 Pratensibus
1091 1565 1273 1629 optima
1298 1565 1458 1629 fungis

158 1641 348 1689 Natura
371 1653 468 1702 est3
507 1645 614 1692 aliis
641 1645 762 1694 male
790 1649 1015 1696 creditur.
1086 1650 1174 1696 Ille
1201 1650 1415 1698 salubres

159 1727 370 1776 AEstates
393 1739 604 1793 peraget,
631 1732 710 1793 qui
731 1731 880 1795 nigris
904 1733 1106 1795 prandia
1131 1734 1275 1781 moris

158 1810 335 1868 Finiet,
363 1822 475 1859 ante
500 1830 694 1877 gravem
719 1833 822 1878 quae
847 1817 1016 1879 legerit
1042 1819 1208 1865 arbore
1234 1819 1397 1867 solem.

159 1895 377 1943 Aufidius
402 1898 508 1945 forti
533 1900 764 1947 miscebat
789 1902 933 1948 mella
959 1901 1193 1959 Falern03

157 1978 411 2037 Mendose,
438 1983 658 2043 quoniam
685 1985 847 2030 vacuis
873 1985 1172 2031 committere
1197 1986 1331 2032 venis

157 2062 241 2110 Nil
266 2065 357 2110 nisi
382 2065 488 2112 lene
515 2066 652 2112 decet
676 2084 685 2112 ε
722 2068 818 2114 leni
843 2069 1104 2130 praecordia
1129 2070 1282 2116 mulso

156 2145 394 2195 Prolueris
419 2150 603 2197 melius.
674 2151 727 2197 Si
752 2152 873 2197 dura
898 2153 1155 2199 morabitur
1181 2154 1327 2213 alvus,

156 2230 356 2291 Mytilus
381 2240 428 2278 et
452 2231 566 2278 viles
591 2233 770 2295 pellent
793 2234 1030 2283 obstantia
1055 2237 1270 2293 conchae,

155 2314 216 2361 Et
236 2315 412 2377 lapathi
438 2317 592 2363 brevis
618 2318 776 2377 herba,
804 2319 887 2365 sed
913 2319 1019 2366 albo
1043 2336 1138 2366 non
1166 2320 1269 2367 sine
1296 2320 1412 2369 Coo.

152 2398 362 2447 Lubrica
386 2410 639 2448 nascentes
664 2401 859 2464 implent
886 2404 1139 2465 conchylia
1161 2404 1303 2451 lunae.

153 2484 252 2531 Sed
277 2501 371 2531 nou
397 2502 537 2532 omne
563 2502 691 2532 mare
717 2495 789 2533 est
812 2503 1056 2549 generosae
1083 2488 1236 2535 fertile
1262 2497 1395 2537 testae
1418 2507 1428 2536 z

151 2568 343 2616 Murice
369 2570 550 2616 Baiano
575 2571 739 2618 melior
763 2571 976 2618 Lucrina
999 2573 1173 2634 peloris
1194 2590 1207 2630 ς

149 2652 324 2700 Ostrea
346 2654 564 2713 Circeiis,
593 2654 782 2702 Miseno
806 2655 1023 2702 oriuntur
1048 2657 1212 2703 echini
1237 2674 1249 2715 3

148 2736 425 2785 Pectinibus
449 2739 621 2802 patulis
641 2739 790 2802 jactat
814 2756 864 2786 se
889 2741 1030 2787 molle
1056 2741 1343 2789 Tarentum.

145 2820 255 2868 Nec
279 2823 368 2869 sibi
394 2840 637 2870 coenarurn
662 2823 814 2885 quivis
838 2823 1018 2871 temere
1045 2834 1234 2888 arroget
1258 2835 1425 2884 artem,

145 2905 258 2952 Non
282 2905 413 2969 prius
437 2910 604 2954 exacta
628 2907 761 2961 tenui
786 2909 968 2955 ratione
993 2925 1233 2972 saporum.

144 2989 254 3037 Nec
278 2988 392 3036 satis
415 3000 487 3037 est
510 2992 622 3038 cara
645 2992 802 3054 pisces
827 3008 1043 3040 averrere
1067 2994 1235 3040 mensa

607 3077 669 3123 15

1609 119 1706 169 169

1644 648 1705 695 10

1645 1147 1706 1194 15

1637 1568 1703 1616 20

1625 2408 1691 2457 30
