1894 3188
175 115 244 165 76

705 113 754 158 Q.
784 111 1024 151 HORATII
1051 110 1256 150 FLACCI

800 303 940 350 ODE
975 304 1146 352 XXII.

827 453 894 484 AD
930 454 1115 486 LYDEN.

697 573 868 622 FESTo
893 572 1006 634 quid
1030 571 1187 635 potius
1213 573 1291 620 die

431 658 649 722 Neptuni
675 657 849 704 faciam
870 659 888 703 Ἰ
926 657 1097 704 Prome
1123 657 1441 714 reconditum,

692 742 843 804 Lyde,
874 750 1068 788 strenua
1093 741 1358 788 Caecubum
1384 759 1396 801 ;

432 826 727 889 Munitaeque
753 826 926 873 adhibe
952 826 1046 872 vim
1072 825 1334 887 sapientiae.

693 911 937 957 Inclinare
967 909 1216 956 meridiem

431 994 594 1042 Sentis
614 1012 625 1053 ;
665 1011 738 1053 ac,
765 995 910 1041 veluti
936 1003 1028 1040 stet
1052 994 1256 1040 volucris
1281 994 1400 1050 dies,

694 1078 860 1126 Parcis
885 1078 1102 1142 deripere
1123 1079 1291 1125 horreo

431 1163 718 1211 Cessantem
743 1163 904 1210 Bibuli
930 1163 1141 1210 consulis
1167 1163 1460 1224 amphoram.

691 1247 797 1294 Nos
823 1247 1125 1294 cantabimus
1151 1246 1360 1293 invicem

430 1333 731 1397 Neptunum,
753 1341 800 1379 et
825 1333 999 1379 virides
1024 1331 1292 1378 Nereidum
1318 1345 1512 1378 comas:

693 1417 775 1463 Tu
800 1418 945 1463 curva
970 1416 1160 1462 recines
1184 1416 1283 1477 lyra

427 1500 675 1558 Latonam,
706 1508 753 1546 et
777 1499 948 1545 celeris
974 1499 1158 1559 spicula
1196 1498 1417 1559 Cynthiae
1438 1516 1449 1544 z

693 1583 893 1629 Summo
918 1582 1146 1640 carmine,
1173 1598 1277 1643 quae
1303 1582 1496 1629 Cnidon

430 1669 787 1732 Fulgentesque
812 1674 943 1713 tenet
969 1666 1223 1728 Cycladas,
1251 1674 1297 1712 et
1322 1665 1519 1729 Paphon

694 1751 887 1798 Junctis
912 1751 1020 1797 visit
1044 1751 1252 1797 oloribus
1274 1767 1284 1795 z

431 1837 632 1885 Dicetur
657 1836 826 1884 merita
851 1836 963 1883 Nox
987 1852 1173 1898 quoque
1198 1834 1369 1882 naenia.

786 2171 926 2218 ODE
962 2171 1162 2218 XXIII.

743 2322 809 2353 AD
846 2321 1197 2352 MAECENATEM.

431 2439 726 2487 TYRRHENA
749 2456 918 2502 regum
943 2439 1212 2501 progenieS‚
1239 2438 1326 2485 tibi

431 2523 545 2571 Non
571 2522 683 2571 ante
710 2540 844 2570 verso
869 2524 977 2569 lene
1004 2539 1187 2569 merum
1213 2523 1335 2568 cado

496 2607 621 2654 Cum
646 2606 777 2662 flore,
805 2606 1063 2663 Maecenas,
1085 2621 1315 2660 rosarum,
1337 2614 1385 2651 et

488 2678 492 2687 ’
564 2691 737 2738 Pressa
761 2690 854 2737 tuis
881 2689 1078 2736 balanus
1103 2688 1286 2750 capillis

433 2774 726 2822 Jamdudum
751 2774 873 2836 apud
896 2789 971 2819 me
996 2781 1080 2819 est.
1152 2771 1295 2833 Eripe
1320 2780 1366 2817 te
1385 2784 1556 2816 morae:

432 2858 511 2906 Ne
536 2875 721 2921 semper
746 2859 893 2905 udum
920 2857 1076 2903 Tibur
1100 2865 1147 2903 et
1173 2855 1353 2902 AElsulae

497 2942 695 2990 Declive
722 2941 1059 3003 contempleris
1085 2956 1264 2995 arvum,
1290 2946 1338 2985 et

564 3026 804 3089 Telegoni
825 3026 943 3089 juga
966 3023 1230 3088 parricidae.

1717 1329 1776 1376 10

1715 1751 1776 1798 15
