1894 3188
133 102 135 104 ’
203 111 301 160 148
566 170 570 174 ‚
721 113 772 160 Q.
800 91 1040 155 HORATII
1077 116 1283 158 FLAccr

263 234 465 298 Virgilio
489 248 762 286 annuerunt
784 241 1052 303 gaudentes
1075 259 1184 290 rure
1210 244 1471 293 Camoenae.
1739 252 1805 298 45

261 318 372 366 Hoc
396 330 515 378 erat,
541 332 735 385 experto
759 324 933 372 frustra
958 327 1174 375 Varrone
1198 329 1409 377 Atacino
1456 390 1461 391 ⁷
1706 327 1709 329 Α

256 404 416 465 Atque
439 405 722 467 quibusdam
747 409 865 469 aliis,
891 410 1061 458 melius
1083 413 1210 474 quod
1234 413 1446 461 scribere
1471 431 1677 478 possem,

257 486 514 536 Inventore
538 491 692 539 minor
714 509 725 539 :
763 509 918 556 neque
943 511 1033 558 ego
1056 496 1124 543 illi
1150 497 1404 545 detrahere
1429 499 1582 547 ausim

256 571 536 622 Haerentem
560 576 705 639 capiti
729 578 878 625 multa
903 596 1015 627 cum
1039 580 1182 628 laude
1208 598 1449 630 coronam.

320 657 388 704 At
410 657 509 706 dixi
533 659 680 708 fluere
705 662 835 710 hunc
857 663 1162 722 lutulentum,
1191 666 1315 729 saepe
1342 667 1575 716 ferentem
1730 672 1797 718 50

252 739 398 788 Plura
420 742 613 804 quidem
636 746 846 794 tollenda
869 749 1224 810 relinquendis:
1263 767 1365 814 age,
1391 769 1568 814 quaeso,

249 823 331 871 Tu
356 825 474 872 nihil
499 827 548 874 in
573 845 749 892 magno
773 832 942 879 doctus
967 832 1217 895 reprendis
1243 834 1495 884 Homero?

247 907 332 955 Nil
357 910 508 958 comis
532 914 702 976 tragici
729 925 879 963 mutat
903 916 1122 965 Lucilius
1147 919 1313 966 Acci?

246 992 361 1040 Non
385 995 508 1042 ridet
533 1013 696 1044 versus
721 1000 850 1046 Enni
873 1001 1104 1063 gravitate
1129 1003 1352 1063 minoreS‚

244 1077 411 1128 Quum
438 1080 497 1126 de
522 1097 574 1128 se
597 1082 817 1144 loquitur,
843 1101 939 1131 non
965 1094 1017 1132 ut
1041 1087 1218 1150 majore
1242 1087 1523 1151 reprensis!
1725 1094 1789 1138 55

243 1161 381 1212 Quid
406 1173 534 1212 vetat
557 1174 605 1213 et
628 1177 833 1225 nosmet,
860 1169 1023 1217 Lucili
1050 1171 1227 1234 scripta
1249 1172 1483 1236 legentes,

242 1245 476 1297 Quaerere
500 1266 617 1297 num
641 1251 782 1313 illius,
809 1270 925 1301 num
950 1271 1124 1315 rerum,
1150 1257 1269 1303 dura
1292 1258 1479 1320 negarit

244 1331 517 1381 Versiculos
541 1344 712 1384 natura
735 1337 886 1401 magis
913 1339 1077 1396 factos,
1103 1349 1152 1387 et
1175 1349 1346 1388 euntes

242 1413 453 1473 Mollius,
478 1434 535 1465 ac
560 1419 599 1466 si
623 1421 728 1482 quis
752 1423 956 1484 pedibus
979 1425 1093 1486 quid
1118 1425 1341 1473 claudere
1371 1427 1516 1482 senis,

239 1499 350 1547 Hoc
373 1501 571 1564 tantum,
598 1515 870 1567 contentus,
897 1518 1024 1555 amet
1047 1510 1293 1572 scripsisse
1318 1511 1552 1558 ducentos
1719 1514 1784 1559 60

236 1584 367 1632 Ante
391 1587 552 1637 cibum
578 1588 754 1654 versus,
778 1591 978 1642 tot-idem
1003 1601 1220 1640 coenatus
1241 1609 1254 1650 ς
1292 1593 1521 1641 Hetrusci

231 1668 396 1731 Quale
420 1671 510 1727 fuit
533 1674 671 1726 Cassi
695 1679 864 1742 rapido
888 1676 1150 1729 ferventius
1174 1675 1304 1725 amni

233 1763 509 1839 ingenium,
535 1763 691 1835 capsis
714 1780 857 1832 quem
876 1761 1002 1815 fama
1026 1775 1098 1814 est
1122 1782 1227 1813 esse
1251 1761 1480 1828 librisque

236 1860 526 1908 Ambustum
549 1855 751 1920 propriis
771 1856 790 1900 ’Ξ
828 1852 997 1900 Fuerit
1022 1851 1254 1910 Lucilius,
1279 1851 1489 1913 inquam,

236 1944 400 1992 Comis
423 1952 470 1991 et
494 1942 706 1989 urbanus
726 1957 736 1998 3
774 1938 917 1985 fuerit
939 1937 1145 1984 limatior
1168 1936 1312 1995 idem,
1714 1937 1779 1982 65

234 2028 398 2080 Quam
424 2015 556 2074 rudis
580 2034 628 2072 et
651 2022 835 2071 Graecis
859 2021 1027 2069 intacti
1052 2020 1278 2068 carminis
1303 2029 1486 2077 auctor,

234 2112 494 2174 Quamque
517 2113 767 2173 poetarum
792 2107 1033 2154 seniorum
1057 2106 1226 2152 turba:
1264 2105 1348 2151 sed
1373 2104 1469 2159 ille,

238 2198 290 2245 Si
316 2197 435 2244 foret
459 2197 551 2243 hoc
576 2202 791 2241 nostrum
816 2191 912 2239 fato
936 2190 1109 2237 dilatus
1133 2189 1183 2236 in
1211 2204 1378 2247 aevum,

236 2282 488 2329 Detereret
511 2279 602 2326 sibi
626 2277 776 2325 multa
798 2294 808 2334 3
845 2275 1083 2323 recideret
1104 2289 1246 2322 omne
1265 2273 1391 2335 quod
1415 2272 1538 2319 ultra

236 2366 509 2414 Perfectum
533 2364 829 2419 traheretur3
867 2369 916 2408 et
939 2360 988 2407 in
1012 2375 1151 2406 versu
1176 2357 1398 2405 faciendo
1714 2357 1778 2401 70

238 2450 374 2514 Saepe
400 2456 544 2512 caput
567 2447 800 2502 scaberet,
827 2445 955 2492 vivos
978 2452 1026 2491 et
1048 2443 1236 2490 roderet
1258 2456 1460 2504 ungues.

303 2534 439 2596 Saepe
465 2533 637 2595 stylum
663 2540 834 2588 vertas,
860 2529 1048 2583 iterum,
1074 2542 1178 2589 quae
1202 2525 1348 2589 digna
1369 2524 1464 2587 legi
1489 2524 1597 2580 sint,

236 2620 527 2681 Scripturus‚
554 2632 724 2678 neque,
750 2623 797 2661 te
821 2622 874 2660 ut
898 2612 1093 2659 miretur
1117 2610 1270 2668 turba,
1295 2608 1495 2662 labores,

237 2704 507 2752 Contentus
529 2700 696 2764 paucis
719 2697 994 2745 lectoribus.
1065 2695 1147 2742 An
1170 2703 1253 2740 tua
1276 2693 1473 2739 demens

237 2786 427 2834 Vilibus
451 2786 500 2832 in
524 2785 650 2831 ludis
673 2781 842 2830 dictari
867 2779 1082 2828 carmina
1105 2777 1241 2825 malis
1262 2777 1280 2822 Ἰ
1701 2773 1773 2818 75

235 2869 349 2918 Non
373 2885 491 2932 ego:
528 2884 640 2914 nam
664 2865 779 2914 satis
802 2874 875 2912 est
911 2863 1136 2925 Equitem
1177 2860 1294 2909 mihi
1335 2859 1576 2922 plaudere,
1603 2866 1654 2903 ut
1696 2872 1778 2902 au-

368 2954 476 3009 dax,

236 3036 538 3100 Contemptis
561 3035 685 3093 aliis,
710 3034 903 3098 explosa
927 3029 1200 3108 Arbuscula
1223 3027 1356 3076 dixit.
