1894 3188
646 79 974 120 SATIRARUM
1008 77 1116 144 LIB.
1150 78 1182 116 Ι.
1610 76 1708 123 147

176 205 239 253 Et
262 222 479 254 sermone
502 221 620 268 opus
643 214 716 253 est
739 204 878 253 modo
902 194 1038 272 tristi,
1060 202 1187 278 *Asaepe
1209 201 1388 265 jocoso,

179 289 482 338 Defendente
507 289 660 336 vicem
685 288 825 336 modo
849 288 1049 354 rhetoris
1073 295 1212 349 atque
1236 288 1406 349 poetae,

179 373 427 421 Interdum
450 372 635 428 urbani,
660 372 901 435 parcentis
925 371 1119 426 viribus,
1145 377 1284 432 atque

180 457 496 505 Extenuantis
520 474 601 504 eas
625 457 857 504 consulto.
928 454 1212 504 Ridiculum
1238 453 1338 501 acri

180 541 368 589 Fortius
391 550 438 589 et
461 540 630 588 melius
654 557 853 604 magnas
876 539 1149 602 plerumque
1175 546 1308 585 secat
1331 552 1421 584 res.
1650 534 1712 580 15

179 625 270 685 Illi,
297 626 472 690 scripta
494 623 665 688 quibus
689 626 927 672 comoedia
949 624 1106 698 prisca
1128 623 1240 670 viris
1263 630 1351 678 est,

179 710 288 757 Hoc
312 711 515 768 stabant,
541 711 633 758 hoc
657 719 768 757 sunt
791 709 1009 756 imitandi
1030 725 1043 765 3
1079 723 1196 770 quos
1221 721 1377 769 neque
1399 704 1597 769 pulcher

180 793 513 857 Hermogenes
536 811 746 856 unquam
770 793 902 857 legit,
928 809 1082 855 neque
1108 791 1274 838 simius
1298 790 1404 845 iste,

180 877 263 924 Nil
286 888 454 942 praeter
480 878 682 926 Calvum
706 887 754 925 et
778 879 947 925 doctus
971 884 1168 924 cantare
1193 874 1521 922 Catullum.-

180 963 247 1009 At
272 979 499 1026 magnum
524 964 651 1023 fecit,
677 963 801 1026 quod
826 963 980 1010 verbis
1004 962 1175 1009 Graeca
1206 958 1391 1007 Latinis
1653 954 1719 1001 20

178 1045 510 1094 Miscuit.-—O
530 1048 622 1094 seri
648 1047 910 1094 studiorum
932 1045 941 1092 l
979 1048 1128 1108 quine
1147 1044 1323 1108 putetis

180 1129 389 1177 Difficile
414 1140 462 1178 et
486 1131 674 1187 mirum,
700 1131 894 1178 Rhodio
917 1130 1040 1192 quod
1067 1127 1357 1176 Pitholeonti

179 1214 396 1277 Contigit
414 1216 564 1261 t—At
587 1231 743 1262 sermo
766 1214 933 1277 lingua
958 1213 1226 1261 concinnus
1247 1212 1444 1272 utraque

180 1276 470 1357 Suaviorsut
495 1299 619 1346 Chio
643 1307 757 1346 nota
780 1299 819 1345 si
844 1298 1102 1345 commixta
1125 1295 1320 1344 Falerni
1344 1304 1430 1342 est.

176 1380 348 1432 Quum
372 1398 535 1429 versus
560 1382 724 1441 faciaS,
752 1391 797 1429 te
823 1382 980 1445 ipsum
998 1390 1264 1444 percontor,
1291 1396 1352 1427 an
1371 1388 1420 1426 et
1437 1393 1583 1440 quum
1650 1375 1718 1422 :25

177 1465 314 1514 Dura
337 1467 424 1513 tibi
448 1467 724 1529 peragenda
747 1467 816 1514 rei
842 1467 903 1513 sit
927 1478 1074 1514 causa
1097 1465 1269 1521 Petilli,

180 1533 575 1619 Scilicet['oblitus
598 1551 856 1615 patriaeque
881 1551 1122 1615 patrisque
1146 1549 1324 1611 Latini,

176 1627 353 1685 Qu‘um'
370 1635 548 1685 Pedius
571 1652 742 1684 causas
766 1636 967 1686 exsudet
990 1636 1248 1700 Poplicola,
1275 1647 1418 1700 atque

177 1718 431 1777 Corvinus,
457 1719 622 1784 patriis
646 1716 978 1780 intermiscere
1002 1722 1152 1788 petita

178 1802 339 1851 Verba
362 1804 474 1852 foris
497 1806 651 1862 maliS‚
678 1806 914 1856 Canusini
940 1825 1069 1856 more
1094 1810 1322 1874 bilinguis
1342 1814 1362 1857 Ί
1657 1817 1721 1864 30

175 1888 334 1949 Atque
358 1905 461 1951 ego,
487 1877 633 1952 quum
657 1891 852 1940 Graecos
877 1893 1099 1953 facerem,
1125 1903 1266 1942 natus
1290 1912 1420 1944 mare
1446 1899 1578 1957 citra,

175 1970 464 2031 VersicuIOS,
490 1974 640 2020 vetuit
662 1991 739 2022 me
763 1976 844 2023 tali
870 1993 985 2024 voce
1003 1977 1257 2038 Quirinus,

178 2054 290 2101 Post
313 2056 523 2103 mediam
547 2067 738 2106 noctem
762 2060 904 2120 visuS‚
929 2077 1075 2123 quum
1104 2064 1288 2111 somnia
1313 2081 1421 2112 vera
1443 2083 1452 2111 :

178 2137 238 2184 In
263 2138 429 2187 silvam
455 2156 556 2187 non·
575 2141 709 2204 ligna
734 2142 855 2190 feras
880 2144 1108 2203 insanitis,
1135 2163 1191 2194 ac
1216 2148 1255 2195 si

179 2221 385 2285 Magnas
408 2207 685 2272 Graecorum
709 2227 846 2274 malis
868 2227 1064 2292 implere
1092 2240 1321 2280 catervas.
1654 2239 1723 2286 35

243 2306 492 2370 Turgidus
515 2309 722 2371 Alpinus
741 2309 930 2374 jugulat
953 2314 1066 2361 dum
1090 2315 1370 2374 Memnona,
1397 2320 1604 2382 dumque

178 2380 402 2454 Diffin'git
425 2391 591 2439 Rheni
615 2392 796 2441 luteum
821 2406 977 2459 caput,
998 2398 1102 2446 haec
1125 2415 1216 2463 ego
1239 2401 1365 2462 ludo,

177 2474 308 2525 Quae
331 2491 424 2522 nec
447 2476 498 2523 in
523 2477 649 2524 AEde
673 2488 844 2527 sonent
866 2483 1114 2540 certantia,
1135 2484 1300 2548 judice
1325 2487 1502 2552 Tarpa,

178 2557 289 2606 Nec
312 2559 510 2607 redeant
532 2560 705 2609 iterum
729 2571 869 2626 atque
894 2565 1066 2614 iterum
1090 2571 1352 2631 spectanda
1369 2573 1580 2622 theatris.

179 2642 366 2705 Arguta
389 2645 640 2693 meretrice
664 2656 815 2709 poteS,
842 2648 1070 2713 Davoque
1096 2652 1354 2703 Chremeta
1653 2660 1720 2709 40

178 2726 418 2774 Eludente
442 2744 621 2786 senem,
647 2732 797 2778 comis
819 2734 998 2796 garrire
1022 2735 1221 2794 libellos,

179 2809 315 2857 Unus
339 2811 565 2870 vivorum,
591 2814 813 2863 Fundani
836 2835 846 2863 :
884 2817 1034 2867 Pollio
1058 2836 1226 2885 regum

179 2892 331 2941 Facta
353 2895 496 2956 canit,
520 2898 642 2959 pede
666 2907 737 2947 ter
759 2915 986 2963 percusso
1008 2919 1019 2949 :
1056 2903 1173 2952 forte
1197 2922 1310 2970 epos
1335 2924 1459 2969 acer,

176 2976 240 3025 Ut
265 2993 421 3039 nemO,
448 2978 622 3029 Varius
645 2982 779 3031 ducit
800 3000 809 3031 ε
847 2985 987 3034 molle
1013 2997 1151 3051 atque
1179 2989 1387 3039 facetum
