1894 3188
148 130 246 180 162
670 125 719 172 Q.
749 124 989 166 HORATII
1017 125 1224 166 FLACCI

213 251 432 301 Maxima
453 266 561 314 pars
586 251 834 299 hominum
859 251 1022 300 morbo
1041 252 1249 316 jactatur
1272 253 1458 303 eodem.

213 335 367 384 Filius
391 343 473 383 aut
497 335 641 383 etiam
666 336 770 383 haec
793 335 993 383 libertus
1016 345 1069 384 ut
1092 337 1252 385 ebibat
1276 337 1444 395 haeres,

212 420 300 469 Dis
324 420 519 468 inimice
544 436 692 468 senex
715 420 927 468 custodis
948 423 966 467 ’ἱ
1003 437 1064 468 ne
1087 422 1173 469 tibi
1198 422 1322 470 desit
1341 423 1360 469 ’Ξ

210 504 515 557 Quantulum
542 504 672 552 enim
697 521 894 552 summae
919 505 1126 553 curtabit
1150 506 1347 569 quisque
1371 505 1575 564 dierum,

210 589 405 653 Ungere
431 590 470 637 si
495 589 657 637 caules
680 590 785 638 oleo
809 590 1020 647 meliore,
1046 600 1283 654 caputque
1653 591 1750 641 125

210 673 426 738 Coeperis
451 675 637 737 impexa
663 674 842 722 foedum
865 674 1106 738 porrigine
1128 677 1146 722 Τ
1183 675 1370 736 Quare,

210 758 264 806 Si
288 758 473 820 quidvis
498 756 613 806 satis
637 767 724 815 est,
749 759 975 823 perjuras,
1002 759 1214 822 surripiS‚
1241 760 1399 808 aufers

208 842 432 905 Undique
454 844 472 889 Τ
509 844 610 890 tun'
637 860 782 891 sanus
804 845 822 890 '3
860 843 1094 906 Populum
1118 843 1157 890 si
1182 845 1368 892 caedere
1392 843 1519 892 saxis

209 927 437 990 Incipias,
463 944 715 990 servosque
739 937 821 976 tuo
844 945 961 990 quos
986 945 1077 976 aere
1101 929 1294 992 pararis,

207 1011 439 1059 Insanum
464 1020 510 1059 te
534 1028 702 1060 omnes
724 1013 860 1075 pueri
885 1000 1183 1075 clamentque
1207 1013 1377 1076 puellae
1398 1030 1410 1060 z
1651 1014 1747 1062 130

205 1095 375 1147 Quum
399 1097 571 1158 laqueo
595 1113 790 1144 uxorem
815 1096 1049 1144 interimis
1072 1106 1364 1159 matremque
1388 1113 1590 1154 veneno,

206 1180 446 1228 Incolumi
470 1181 628 1243 capite
653 1197 704 1228 es
726 1182 743 1226 Ἰ
780 1180 917 1231 Quid
940 1181 1070 1228 enim
1091 1183 1110 1227 T
1147 1198 1301 1243 neque
1326 1190 1377 1229 tu
1401 1182 1493 1230 hoc
1516 1181 1635 1229 facis

334 1265 490 1328 Argis,

203 1349 252 1397 Ν
256 1365 313 1397 ec
336 1349 474 1409 ferro,
501 1358 553 1397 ut
577 1350 774 1396 demens
798 1349 1083 1412 genitricem
1106 1349 1285 1397 occidit
1309 1349 1521 1397 Orestes.

201 1434 277 1480 An
303 1441 354 1480 tu
377 1433 495 1480 reris
519 1449 629 1480 eum
653 1434 812 1480 occisa
836 1433 1070 1480 insanisse
1092 1442 1289 1495 parente
1311 1435 1329 1480 2

198 1518 270 1564 Ac
293 1533 389 1564 non
416 1517 523 1564 ante
549 1517 685 1564 malis
709 1518 979 1564 dementem
1007 1525 1167 1563 actum
1192 1517 1369 1572 Furiis,
1394 1515 1539 1579 quam
1642 1516 1739 1564 135

202 1600 261 1648 In
286 1601 448 1647 matris
468 1600 635 1663 jugulo
660 1601 835 1647 ferrum
862 1600 1085 1662 tepefecit
1118 1601 1345 1647 acutum?

197 1684 355 1740 Quin,
381 1701 440 1731 ex
463 1701 555 1746 quo
579 1692 652 1731 est
675 1684 865 1730 habitus
891 1684 1009 1730 male
1034 1692 1147 1730 tutae
1173 1684 1345 1731 mentis
1368 1683 1581 1740 Orestes,

199 1768 284 1816 Nil
309 1768 423 1815 sane
450 1768 563 1815 fecit
586 1768 710 1829 quod
735 1777 786 1814 tu
810 1768 1095 1829 reprendere
1119 1767 1268 1830 possis
1291 1784 1299 1814 :

197 1851 311 1900 Non
336 1851 548 1914 Pyladen
574 1852 697 1898 ferro
721 1851 894 1898 violare
920 1867 1120 1898 aususve
1145 1867 1353 1898 sororem

197 1934 439 1982 Electram
461 1951 471 1980 ε
509 1935 689 1981 tantum
715 1934 962 1980 maledicit
986 1934 1185 1995 utrique,
1211 1934 1426 1981 vocando
1639 1934 1735 1983 140

198 2018 342 2066 Hanc
367 2018 576 2076 Furiam,
603 2019 732 2065 hunc
758 2018 900 2077 aliud,
923 2018 1063 2080 jussit
1086 2019 1211 2080 quod
1236 2018 1483 2080 splendida
1506 2017 1644 2072 bilis„

196 2103 382 2165 Pauper
408 2102 630 2165 Opimius
655 2102 841 2165 argenti
865 2103 1005 2164 positi
1030 2103 1157 2149 intus
1181 2111 1228 2149 et
1252 2102 1370 2158 auri,

194 2187 298 2238 Qui
323 2187 648 2234 Veientanum
673 2187 804 2234 sestis
827 2197 992 2250 potare
1018 2187 1187 2234 diebus

196 2271 444 2333 Campana
468 2271 632 2318 solitus
656 2271 812 2326 trulla,
838 2287 1130 2333 vappamque
1153 2270 1384 2333 profestis,

194 2354 457 2406 Quondam
482 2355 698 2418 lethargo
721 2355 890 2417 grandi
914 2364 985 2401 est
1008 2371 1275 2417 oppreSSUS,
1302 2363 1353 2401 ut
1377 2355 1527 2401 haeres
1636 2354 1730 2402 1115

196 2437 308 2484 Jam
333 2437 513 2484 circum
539 2438 719 2485 loculos
744 2446 791 2483 et
814 2437 971 2484 claves
994 2438 1130 2484 laetus
1164 2453 1403 2499 ovansque

196 2519 423 2567 Curreret
444 2537 455 2566 ε
493 2521 623 2567 hunc
648 2520 863 2567 medicus
887 2519 1085 2567 multum
1109 2521 1236 2568 celer
1261 2529 1399 2582 atque
1423 2519 1576 2567 fidelis

195 2603 387 2651 Excitat
411 2604 503 2651 hoc
527 2613 667 2666 pacto
689 2621 698 2650 :
736 2620 950 2651 mensam
975 2605 1087 2667 poni
1107 2605 1255 2667 jubet,
1283 2613 1422 2666 atque

195 2686 390 2734 Effundi
415 2704 581 2735 saccos
605 2704 908 2735 nummorum
930 2705 942 2745 3
981 2689 1212 2735 accedere
1242 2688 1401 2750 plures

193 2770 267 2818 Ad
286 2772 633 2818 numerandum
652 2789 662 2817 ε
688 2771 927 2818 hominem
950 2771 1018 2818 sic
1037 2771 1190 2834 erigit.
1228 2771 1372 2818 Addit
1392 2779 1440 2818 et
1458 2770 1574 2817 illud
1595 2787 1605 2815 :
1634 2771 1728 2817 150

200 2857 211 2878 ‘
231 2852 298 2900 Ni
323 2862 404 2900 tua
428 2855 655 2910 custodis,
682 2855 847 2902 avidus
867 2855 966 2918 jam
992 2855 1094 2901 haec
1118 2854 1301 2901 auferet
1324 2853 1507 2901 haereS.’

195 2940 205 2961 ‘
227 2934 358 2984 Men'
386 2937 489 2985 vivo
508 2938 526 2984 2
545 2939 555 2959 '
628 2943 638 2963 ‘
655 2937 720 2985 Ut
743 2937 870 2985 vivas
895 2938 1055 3001 igitur,
1081 2937 1224 3002 vigila
1246 2954 1255 2984 :
1293 2938 1384 2985 hoc
1409 2937 1527 3000 age.’

324 3025 334 3045 ‘
350 3019 486 3071 Quid
511 3021 579 3069 vis
597 3023 614 3067 Τ
638 3022 650 3043 ’
