1894 3188
395 444 483 520 Q.
547 444 973 510 HORATII
1035 450 1395 514 FLACCI

695 634 1079 689 EPODON

792 806 983 848 LIBER.

881 973 1257 981 -ῡ-ἡ-

774 1101 914 1150 ΟΒΕ
950 1103 990 1151 Ι.
1204 1116 1293 1256 χχχ

652 1250 719 1281 AD
755 1251 1108 1285 MAECENATEM.

338 1366 445 1416 Ims
468 1367 696 1416 Liburnis
721 1368 846 1417 inter
871 1371 969 1418 alta
991 1373 1201 1435 navium,

532 1452 722 1512 Amice,
748 1457 1124 1518 propugnacula,

334 1534 534 1584 Paratus
557 1553 699 1584 omne
725 1536 931 1585 Caesaris
954 1540 1222 1602 periculum

532 1620 721 1677 subire,
748 1620 1010 1683 Maecenas,
1036 1633 1134 1673 tuo.

329 1701 468 1754 Quid
491 1720 594 1764 nos,
620 1705 794 1767 quibus
814 1715 861 1753 te
886 1707 981 1755 vita
1005 1709 1046 1756 si
1072 1712 1326 1773 superstite

527 1788 559 1834 J
563 1790 789 1847 ucunda3
826 1791 867 1838 si
892 1791 1074 1853 contra,
1102 1796 1259 1857 gravis
1282 1799 1300 1843 ’ἔ

330 1868 567 1919 Utrumne
587 1871 708 1935 jussi
732 1890 1073 1937 persequemur
1097 1879 1265 1936 otium,

526 1955 640 2003 Non
666 1957 824 2014 dulce,
851 1959 902 2005 ni
926 1968 1085 2007 tecum
1113 1963 1290 2010 simul?

328 2037 410 2084 An
436 2037 567 2086 hunc
591 2039 802 2088 laborem
826 2051 988 2090 mente
1013 2044 1170 2102 laturi,
1192 2047 1332 2096 decet

523 2122 641 2173 Qua
665 2124 787 2172 ferre
812 2142 910 2173 non
935 2128 1100 2175 molles
1126 2130 1249 2178 viros
1267 2133 1311 2179 '2⁷'
1338 2172 1340 2174 .

325 2204 558 2253 Feremus
578 2224 589 2265 3
627 2216 675 2255 et
698 2217 744 2255 te
769 2210 841 2256 vel
863 2227 947 2273 per
972 2212 1170 2275 Alpium
1189 2215 1323 2280 juga,

521 2291 866 2356 Inhospitalem
889 2304 936 2342 et
961 2297 1249 2360 Caucasum,

320 2372 412 2421 Vel
435 2375 704 2425 occidentis
728 2395 877 2441 usque
903 2381 962 2427 ad
987 2382 1206 2432 ultimum
1232 2385 1404 2446 sinum,

516 2459 558 2508 F
561 2462 650 2508 orti
675 2479 929 2525 sequemur
953 2475 1161 2528 pectore.

316 2541 484 2606 Roges
507 2553 643 2592 tuum
668 2547 829 2595 labore
849 2549 962 2611 quid
982 2551 1144 2614 juvem
1171 2569 1278 2601 meo

513 2628 744 2688 Imbellis,
772 2648 829 2680 ac
853 2633 1018 2682 firmus
1040 2639 1249 2698 parum?

314 2709 491 2759 Comes
514 2713 698 2761 minore
723 2732 827 2763 sum
855 2716 1043 2765 futurus
1067 2719 1117 2767 in
1142 2729 1287 2783 metu,

509 2796 613 2847 Qui
638 2799 788 2862 major
813 2800 1036 2850 absentes
1061 2804 1233 2853 habet:

314 2877 381 2926 Ut
404 2879 621 2928 assidens
644 2883 953 2945 implumibus
976 2887 1118 2948 pullis
1143 2890 1245 2937 avis

511 2964 818 3028 Serpentium
843 2968 1051 3032 allapsus
1075 2971 1212 3021 timet

1617 2142 1676 2186 10

1609 2562 1669 2608 ’15

1601 2983 1666 3027 ‘20
