1894 3188
261 130 329 180 60

786 128 836 175 Q.
863 127 1100 169 HORATII
1126 128 1331 170 FLACCI

902 320 1043 368 ODE
1077 320 1192 369 VII.

827 468 893 499 AD
929 468 1278 500 MAECENATEM.

513 584 735 633 MAR'rns
761 585 939 633 coelebs
961 586 1075 648 quid
1099 602 1238 650 agam
1263 587 1499 647 kalendis,

509 668 645 720 Quid
669 670 815 718 velint
837 670 989 730 floreS,
1015 678 1063 718 et
1086 687 1250 718 acerra
1272 672 1426 720 thuris

510 753 675 810 Plena,
700 754 899 814 miraris,
924 746 1199 817 positusque
1225 756 1368 803 carbo
1392 756 1443 803 in

902 837 1098 901 Cespite
1122 839 1241 898 vivo,

508 920 662 968 Docte
686 937 927 969 sermones
951 923 1196 984 utriusque
1225 923 1418 986 linguae.

508 1005 743 1053 Voveram
768 1006 934 1053 dulces
958 1007 1125 1068 epulas
1149 1015 1196 1054 et
1216 1007 1375 1054 album

506 1088 682 1137 Libero
705 1105 918 1153 caprum,
944 1089 1091 1152 prope
1118 1090 1362 1138 funeratus

895 1173 1096 1222 Arboris
1121 1173 1236 1221 ictu.

505 1256 602 1303 Hic
622 1256 728 1303 dies
752 1273 877 1304 anno
900 1259 1131 1306 redeunte
1157 1258 1305 1305 festus

503 1340 744 1388 Corticem
768 1341 1014 1389 astrictum
1036 1342 1144 1404 pice
1171 1342 1427 1390 dimovebit

501 1424 774 1487 Amphorae,
800 1426 981 1473 fumum
1007 1426 1168 1473 bibere
1194 1426 1423 1473 institutae

629 1538 654 1545 —
890 1510 1100 1557 Consule
1125 1510 1286 1556 Tullo.

499 1591 660 1650 Sume,
687 1591 947 1649 MaecenaS‚
975 1594 1171 1655 cyathos
1197 1594 1339 1640 amici
1388 1644 1391 1647 4

497 1676 697 1738 Sospitis
721 1686 914 1724 centum
935 1694 945 1735 3
984 1686 1031 1724 et
1056 1678 1220 1740 vigiles
1245 1678 1466 1725 lucernas

495 1759 658 1807 Perfer
681 1760 731 1807 in
754 1761 912 1808 lucem
936 1777 945 1807 ε
981 1761 1146 1823 procul
1171 1762 1326 1808 omnis
1350 1771 1451 1809 esto

885 1844 1076 1891 Clamor
1101 1854 1148 1891 et
1173 1845 1255 1891 ira.

496 1927 637 1974 Mitte
661 1927 824 1974 civiles
849 1944 988 1990 super
1013 1928 1142 1975 Urbe
1169 1945 1335 1975 curas:

494 2011 689 2058 Occidit
712 2011 835 2058 Daci
860 2012 1101 2059 Cotisonis
1126 2029 1327 2075 agmen:

490 2095 666 2144 Medus
689 2095 874 2143 infestis
898 2096 987 2142 sibi
1012 2097 1258 2143 luctuosus

883 2179 1097 2227 Dissidet
1121 2181 1263 2227 armis
1285 2198 1295 2226 :

489 2263 659 2319 Servit,
686 2262 914 2326 Hispanae
939 2273 1072 2310 vetus
1098 2265 1245 2311 hostis
1268 2281 1377 2324 orae,

489 2346 743 2406 Cantaber,
770 2350 872 2395 sera
898 2347 1102 2394 domitus
1128 2350 1296 2419 catena
1318 2365 1328 2394 ε

488 2430 596 2476 Jam
621 2431 810 2493 Scythae
834 2431 940 2478 laxo
965 2431 1252 2478 meditantur
1277 2448 1390 2478 arcu

874 2516 1060 2562 Cedere
1085 2516 1280 2577 campis.

484 2597 763 2661 Negfigens,
794 2614 854 2645 ne
878 2600 969 2659 qua
991 2599 1192 2661 populus
1217 2599 1412 2656 laboret,

483 2681 633 2730 Parce
656 2683 863 2744 privatus
888 2683 1088 2729 nimium
1114 2698 1282 2729 cavere
1305 2699 1317 2739 3

482 2764 622 2813 Dona
643 2766 888 2828 praesentis
913 2782 1031 2828 cape
1056 2766 1190 2812 laetus
1215 2767 1356 2825 horae,
1383 2775 1430 2812 et

869 2849 1054 2912 Linque
1079 2865 1254 2897 severa.

1778 1347 1838 1393 10

1771 1768 1830 1812 15

1759 2184 1822 2231 20

1750 2602 1814 2648 25
