1894 3188
617 95 930 136 CARMINUM
957 94 1062 134 LIB.
1093 96 1146 135 II.

767 307 907 356 ODE
942 300 1008 355 Χ.
1019 298 1037 355 r'
1050 307 1057 346 f

721 458 775 489 IN
810 457 1065 490 ARBQREM.

354 575 472 623 Im:
498 584 546 623 et
568 575 753 623 nefasto
776 584 823 622 te
846 575 1004 637 posuit
1027 574 1120 633 die,

353 659 647 722 Quicunque
670 657 878 722 primum
902 667 951 706 et
974 656 1213 721 sacrilega
1235 672 1380 704 manu

420 743 662 803 Produxit‚
689 745 840 802 arbos,
867 743 917 789 in
941 750 1171 805 nepotum

487 827 771 887 Perniciem‚
796 827 1194 891 opprobriumque
1225 825 1335 889 pagi
1356 840 1367 870 ε

361 913 503 960 Illum
527 921 574 960 et
597 911 808 975 parentis
832 911 1120 959 crediderim
1145 910 1219 957 sui

361 997 583 1060 Fregisse
607 997 859 1055 cervicem,
885 1003 934 1043 et
955 995 1220 1058 penetralia

426 1081 668 1145 Sparsisse
692 1089 929 1128 nocturno
952 1095 1121 1126 cruore

492 1164 709 1227 Hospitis
731 1181 740 1210 :
777 1164 857 1211 ille
881 1179 1067 1210 venena
1091 1162 1291 1218 Colcha,

362 1249 425 1296 Et
446 1249 676 1311 quidquid
699 1264 899 1310 usquam
918 1247 1186 1310 concipitur
1210 1245 1361 1301 nefas,

363 1333 628 1388 Tractavit,
655 1347 769 1395 agro
792 1331 873 1393 qui
898 1331 1062 1378 statuit
1085 1347 1193 1378 meo

428 1416 522 1472 Te,
547 1416 681 1462 triste
704 1416 903 1478 lignum,
930 1424 993 1471 te,
1019 1415 1257 1462 caducum
1358 1429 1373 1481 g

494 1501 553 1548 In
578 1500 759 1548 domini
783 1508 928 1562 caput
950 1498 1261 1567 immerentis.
1354 1485 1363 1501 ⁷

360 1586 499 1638 Quid
522 1585 721 1648 quisque
746 1584 876 1641 vitet,
901 1600 1147 1646 nunquam
1172 1582 1353 1631 homini
1379 1581 1493 1628 satis

364 1671 575 1719 Cautum
599 1679 686 1729 est,
712 1670 762 1717 in
787 1670 943 1717 horas.
1011 1668 1190 1716 Navita
1213 1667 1476 1730 Bosporum

430 1755 607 1803 Poenus
630 1753 962 1817 perhorrescit,
989 1769 1145 1815 neque
1170 1750 1293 1800 ultra

497 1839 646 1886 Caeca
667 1839 804 1885 timet
828 1838 1025 1885 aliunde
1051 1837 1150 1884 fata
1170 1854 1181 1895 3

367 1925 514 1972 Miles
538 1924 734 1987 sagittas
758 1931 806 1970 et
829 1923 1039 1970 celerem
1064 1922 1226 1984 fugam

368 2009 560 2065 Parthi3
597 2016 793 2055 catenas
817 2007 1022 2054 Parthus
1045 2013 1093 2052 et
1117 2005 1291 2051 Italum

431 2093 605 2140 Robur
626 2109 636 2138 ε
675 2093 759 2138 sed
783 2090 1036 2152 improvisa
1059 2089 1142 2135 leti

497 2176 585 2223 Vis
608 2175 764 2237 rapuit
786 2174 1032 2236 rapietque
1064 2180 1246 2235 gentes.
1274 2155 1447 2262 Λ

366 2260 535 2313 Quam
558 2258 683 2325 pene
709 2259 854 2306 furvae
878 2273 1028 2320 regna
1052 2256 1361 2321 Proserpinae,

369 2345 433 2392 Et
452 2343 750 2407 judicantem
776 2341 981 2388 vidimus
1006 2340 1244 2397 AEacum3

436 2429 681 2489 Sedesque
706 2426 936 2473 discretas
959 2425 1146 2489 piorum
1171 2433 1219 2472 et

500 2512 672 2560 AEoliis
694 2511 868 2558 fidibus
886 2517 1166 2572 querentem

375 2597 569 2660 Sappho
591 2595 762 2659 puellis
786 2595 846 2642 de
869 2593 1175 2657 popularibus
1197 2610 1210 2650 ς

372 2682 436 2730 Et
458 2691 506 2729 te
530 2688 785 2728 sonantem
803 2678 990 2743 plenius
1022 2694 1182 2734 aureo,

436 2765 619 2821 Alcaee‚
642 2765 825 2827 plectro
849 2764 971 2810 dura
992 2763 1142 2822 navis,

504 2847 638 2896 Dura
663 2848 786 2911 fugae
809 2847 948 2906 mala,
975 2847 1095 2893 dura
1117 2846 1229 2893 belli
1252 2845 1261 2892 !

373 2931 637 2994 Utrumque
661 2947 798 2978 sacro
821 2930 968 2993 digna
996 2930 1186 2978 silentio

371 3014 613 3063 Mirantur
636 3015 815 3062 umbrae
840 3014 1001 3062 dicere
1021 3030 1032 3060 t
1069 3014 1154 3061 sed
1178 3011 1330 3076 magis

1623 97 1688 148 39

1671 908 1703 952 &1

1650 1328 1708 1373 10

1654 1751 1713 1796 15

1651 3013 1716 3059 30
