1894 3188
177 120 277 170 180
706 111 757 158 Q.
787 106 1028 150 HORATII
1057 104 1202 145 FLAC
1209 104 1265 143 CI

857 262 1113 292 HORATIUS.

931 322 1048 373 Quo
1071 328 1227 385 pacto,
1252 317 1459 383 pessime
1480 316 1500 362 ’ἒ

898 419 1067 446 DAVUS.

1593 465 1784 516 Laudas

240 590 507 640 Fortunam
531 595 579 635 et
602 600 758 633 mores
782 582 988 645 antiquae
1013 580 1166 644 plebis
1189 595 1201 637 3
1238 586 1286 625 et
1311 577 1454 631 idem,

239 676 294 724 Si
317 674 422 738 quis
447 673 506 719 ad
530 672 610 718 illa
634 671 752 717 deus
775 665 934 723 subito
960 675 1007 713 te
1034 673 1158 728 agat,
1184 678 1333 724 usque
1358 672 1588 714 recusesr,

239 760 342 808 Aut
365 758 477 821 quia
499 772 595 804 non
621 754 783 814 sentis,
809 752 934 815 quod
960 751 1152 806 clamas,
1179 746 1356 794 rectius
1381 759 1503 799 esse,
1717 738 1782 785 25

239 846 343 894 Aut
366 843 477 906 quia
500 857 600 888 non
625 840 789 887 firmus
814 845 998 885 rectum
1026 832 1260 890 defendis,
1287 839 1334 877 et
1359 830 1528 883 haeres,

238 929 577 992 Nequidquam
603 941 742 972 coeno
767 922 967 985 cupiens
991 918 1192 966 evellere
1216 916 1445 978 plantam.

239 1015 413 1063 Romae
440 1028 520 1060 rus
543 1018 711 1073 optas3
750 1007 997 1054 absentem
1023 1001 1229 1050 rusticus
1253 999 1423 1046 urbem

239 1098 395 1148 Tollis
420 1097 479 1144 ad
505 1103 630 1142 astra
653 1092 783 1140 levis,
855 1090 907 1137 Si
932 1103 1165 1150 nusquam
1191 1101 1242 1132 es
1268 1081 1387 1131 forte
1413 1087 1611 1127 vocatus

238 1184 320 1232 Ad
345 1197 550 1239 coenam,
576 1179 742 1226 laudas
767 1191 990 1224 securum
1014 1173 1118 1220 olus
1140 1188 1151 1217 ι
1189 1186 1262 1225 ac,
1288 1168 1417 1215 velut
1439 1177 1639 1227 usquam
1719 1159 1785 1208 30

237 1268 446 1316 Vinctus
471 1282 567 1321 θεῖε,
594 1264 659 1311 ita
683 1272 729 1310 te
756 1261 945 1308 felicem
971 1257 1106 1316 dicis,
1134 1269 1375 1316 amesque,
1420 1297 1422 1299 ,

237 1351 389 1403 Quod
415 1365 650 1412 nusquam
673 1347 760 1394 tibi
786 1346 846 1392 sit
869 1343 1149 1407 potandum.
1221 1339 1249 1385 J
1257 1335 1427 1384 usserit
1451 1333 1511 1382 ad
1535 1348 1587 1380 se
1884 1319 1894 1405 1

238 1438 487 1490 Maecenas
512 1449 669 1482 serum
696 1432 784 1478 sub
808 1429 991 1489 lumina
1014 1426 1168 1489 prima
1191 1422 1354 1470 venire
1892 1416 1894 1438 ³

239 1521 503 1569 Convivam
524 1536 534 1576 3
574 1525 604 1546 ‘⁴
625 1515 833 1563 Nemon'
861 1513 1020 1560 oleum
1048 1510 1166 1555 feret
1189 1505 1324 1554 ocius
1348 1506 1366 1550 ’ἒ
1404 1500 1568 1564 ecquis
1888 1487 1894 1562 ᾗ

239 1605 394 1653 Audit
415 1605 432 1649 i
452 1604 477 1624 ’'
517 1617 628 1649 cum
652 1614 828 1661 magno
853 1597 1057 1643 blateras
1082 1593 1306 1645 clamore,
1333 1587 1557 1649 furisque.
1718 1581 1785 1629 35

239 1689 436 1737 Milvius
460 1695 507 1734 et
531 1701 723 1739 scurrae,
749 1681 836 1729 tibi
860 1696 955 1727 non
982 1676 1233 1725 referenda
1255 1671 1452 1736 precati,

238 1774 524 1822 Discedunt.
595 1766 790 1817 Etenim
815 1765 965 1812 fateor
990 1778 1082 1817 mo,
1110 1758 1283 1806 dixerit
1306 1757 1399 1816 ille,

238 1857 368 1906 Duci
392 1864 556 1903 ventre
580 1854 764 1908 levem3
801 1863 972 1896 nasum
997 1846 1162 1892 nidore
1189 1841 1382 1905 supinor
1403 1856 1417 1897 ς
1460 1873 1462 1875 -

237 1940 531 1998 ImbecilluS,
559 1938 703 1992 iners,
731 1935 770 1982 si
795 1933 908 1996 quid
933 1931 1016 1989 vis,
1044 1929 1180 1987 adde,
1206 1925 1396 1990 popino.

238 2027 337 2083 Tu,
363 2041 509 2088 quum
534 2023 598 2070 sis
622 2021 746 2084 quod
771 2035 876 2082 ego,
904 2025 952 2063 et
976 2013 1185 2062 fortassis
1210 2009 1423 2072 nequior,
1449 2006 1572 2054 ultro
1717 2002 1782 2049 40

239 2112 502 2166 Insectere‚
527 2108 657 2154 velut
682 2104 847 2152 melior
869 2104 886 2148 Ἰ
924 2100 1174 2159 verbisque
1200 2093 1387 2142 decoris

239 2195 478 2243 Obvolvas
501 2191 704 2238 vitium?
741 2187 893 2245 Quid,
920 2185 959 2231 si
985 2200 1060 2230 me
1087 2180 1272 2228 stultior
1297 2178 1416 2240 ipso,

237 2277 536 2341 Quingentis
561 2283 720 2337 empto
744 2270 999 2328 drachmis,
1026 2263 1338 2329 deprenderis
1360 2264 1376 2308 Ί
1415 2259 1567 2307 Aufer

239 2365 326 2412 Me
349 2363 481 2410 vultu
506 2370 719 2415 terrores
756 2371 953 2404 manum
979 2351 1373 2410 stomachumque
1397 2352 1573 2403 teneto,

239 2449 384 2507 Dum,
410 2462 514 2509 quae
540 2441 751 2505 Crispini
776 2439 940 2487 docuit
963 2454 1039 2484 me
1061 2435 1253 2499 janitor,
1279 2433 1383 2479 edo.
1715 2424 1781 2471 45

241 2542 271 2563 “
289 2533 403 2580 Non
429 2546 534 2578 sum
558 2525 827 2581 moechus,‘.’
864 2523 948 2570 ais·
1018 2521 1190 2582 Neque
1215 2533 1321 2580 ego,
1348 2512 1559 2568 hercule,
1584 2510 1674 2566 fur,
1699 2507 1781 2556 ubi

371 2631 486 2662 vasa

239 2700 477 2748 Praetereo
501 2696 690 2759 sapiens
715 2699 956 2755 argentea.
1027 2687 1169 2735 Tolle
1192 2684 1440 2748 periclum,

238 2783 269 2830 J
273 2799 349 2830 am
373 2798 494 2844 vaga
517 2779 729 2843 prosiliet
755 2775 913 2823 fraenis
937 2780 1113 2820 natura
1135 2768 1343 2817 remotis.

238 2867 384 2915 Tune
410 2865 527 2912 mihi
552 2863 789 2920 dominus,
815 2875 974 2907 rerum
1000 2854 1212 2918 imperiis
1244 2850 1586 2910 hominumque

237 2950 337 2998 Tot
360 2949 596 3009 tantisque
621 2947 791 3001 minor,
817 2959 959 3005 quem
983 2949 1053 2987 ter
1078 2938 1292 2985 vindicta
1315 2942 1574 2997 quaterque
1717 2928 1783 2975 50

238 3034 468 3098 Imposita
493 3033 621 3080 haud
645 3044 855 3091 unquam
882 3026 1053 3073 misera
1079 3021 1332 3071 formidine
1357 3017 1547 3082 privet?
