1894 3188
615 109 946 151 SATIRARUM
986 108 1094 148 LIB.
1124 109 1180 148 11.
1606 111 1706 162 183

158 239 433 288 Pervellunt
457 238 757 285 stomachum
777 254 787 295 ;
826 236 960 292 siser,
986 235 1139 295 halec,
1166 235 1337 284 faecula
1361 235 1476 285 Coa.

169 324 261 371 His
284 323 366 370 ubi
391 321 589 370 sublatis
613 337 731 383 puer
757 319 852 367 alte
877 320 1069 367 cinctus
1093 335 1319 367 acernam
1649 317 1710 365 10

164 408 387 469 Gausape
412 421 650 468 purpureo
673 420 892 450 mensam
915 402 1150 466 pertersit,
1177 410 1225 450 et
1249 403 1366 451 alter

167 491 387 553 Sublegit
410 490 730 552 quodcunque
751 488 934 550 jaceret
957 487 1141 546 inutile,
1166 487 1388 549 quodque

169 577 335 623 Posset
358 582 605 622 coenantes
629 573 873 620 offendere
895 588 907 629 3
944 579 997 618 ut
1020 571 1186 618 Attica
1210 571 1343 634 virgo

167 659 293 707 Cum
318 658 464 705 sacris
489 657 696 714 Cereris,
722 655 940 719 procedit
964 655 1128 702 fuscus
1153 655 1422 718 Hydaspes,

167 743 380 791 Caecuba
404 743 512 789 vina
537 742 694 788 ferens
716 758 728 798 ς
765 741 939 799 Alcon,
967 740 1146 787 Chium
1170 739 1314 786 maris
1338 755 1519 802 expers.
1652 738 1712 785 15

171 828 266 875 Hic
291 828 435 874 herus
456 843 466 872 :
506 831 532 852 “
554 826 815 881 Albanum,
842 825 1104 880 MaecenaS,
1130 824 1228 871 sive
1254 823 1515 871 Falernum

168 911 246 958 Te
271 909 423 974 magis
448 910 673 973 appositis
698 910 918 968 delectat,
941 909 1173 957 habemus
1197 907 1502 971 utrumque.”

774 1022 1029 1049 HORATIUS.

167 1081 371 1129 Divitias
396 1080 621 1129 miseras!
663 1082 758 1128 Sed
783 1081 917 1143 queis
943 1080 1249 1128 coenantibus
1274 1081 1387 1136 una,

168 1166 409 1225 Fundani,
436 1166 632 1229 pulchre
661 1165 801 1212 fuerit
826 1165 928 1221 tibi,
955 1165 1095 1211 nosse
1119 1164 1296 1212 laboro.

759 1278 1050 1305 FUNDANIUS.

170 1337 398 1384 Summus
423 1354 543 1401 egog
568 1347 616 1385 et
639 1354 784 1400 prope
804 1354 880 1384 me
900 1338 1078 1384 Viscus
1098 1337 1381 1394 Thurinus3
1406 1344 1455 1383 et
1474 1333 1613 1394 infra,
1651 1334 1717 1382 20

168 1421 222 1467 Si
246 1422 456 1481 memini,
485 1423 660 1469 Varius
683 1439 692 1468 :
731 1439 841 1469 cum
868 1422 1070 1469 Servilio
1093 1422 1352 1468 Balatrone

165 1505 406 1562 Vibidius,
433 1523 550 1568 quos
575 1506 821 1553 Maecenas
847 1507 1111 1552 adduxerat
1136 1506 1343 1552 umbras.

165 1587 503 1638 Nomentanus
527 1599 628 1637 erat
653 1607 794 1653 super
819 1590 990 1653 ipsum,
1017 1590 1217 1637 Porcius
1243 1588 1381 1649 inffa,

165 1672 426 1720 Ridiculus
449 1684 574 1720 totas
598 1675 738 1719 simul
763 1675 1018 1719 obsorbere
1049 1675 1313 1734 placentas.

107 1785 111 1789 -
165 1755 502 1803 Nomentanus
527 1757 586 1803 ad
613 1758 720 1812 hoc,
747 1756 841 1818 qui,
869 1756 908 1803 si
932 1756 1045 1818 quid
1071 1757 1188 1804 forte
1213 1757 1396 1814 lateret,
1653 1759 1719 1805 25

168 1838 338 1886 Indice
364 1849 649 1887 monstraret
672 1841 851 1903 digito:
888 1857 1001 1887 nam
1025 1852 1199 1888 caetera
1226 1842 1379 1900 turba,

167 1921 288 1978 Nos,
315 1923 525 1985 inquam,
551 1941 799 1971 coenamus
823 1941 947 1982 aves,
974 1925 1244 1986 conchylia,
1269 1925 1442 1987 pisces,

170 2005 337 2068 Longe
363 2007 643 2054 dissimilem
667 2017 780 2054 noto
804 2008 1011 2054 celantia
1035 2024 1234 2055 succum
1255 2024 1268 2064 3

169 2089 234 2135 Ut
258 2090 330 2136 vel
356 2089 584 2137 continuo
609 2090 776 2152 patuit,
803 2106 948 2152 quum
972 2091 1177 2153 passeris
1202 2099 1342 2154 atque

168 2172 423 2236 Ingustata
446 2174 563 2221 mihi
586 2182 859 2236 porrexerat
882 2174 963 2221 ilia
980 2175 1181 2222 rhombi.
1652 2177 1721 2225 30

169 2257 282 2304 Post
306 2259 397 2305 hoc
422 2275 497 2305 me
522 2259 686 2306 docuit
709 2259 947 2306 melimela
969 2259 1140 2307 rubere
1164 2260 1398 2308 minorem

168 2342 249 2388 Ad
273 2341 435 2389 lunam
461 2343 665 2390 delecta.
732 2342 870 2394 Quid
895 2344 987 2390 hoc
1010 2343 1209 2403 intersit,
1236 2344 1296 2391 ab
1320 2344 1422 2408 ipso

168 2425 397 2472 Audieris
421 2424 604 2473 melitis.
674 2426 805 2473 Tum
831 2426 1054 2474 Vibidius
1080 2427 1323 2476 Balatroni
1345 2446 1356 2475 ε

168 2517 199 2538 “
220 2508 340 2565 Nos,
367 2510 459 2557 nisi
484 2511 713 2558 damnose
739 2511 961 2568 bibimus,
987 2513 1243 2560 moriemur
1275 2513 1464 2562 inulti.”

165 2592 229 2640 Et
252 2594 428 2641 calices
451 2595 604 2658 poscit
627 2595 847 2658 majores.
917 2596 1118 2644 Vertere
1142 2598 1290 2660 pallor
1648 2602 1715 2648 35

168 2677 300 2724 Tum
323 2679 524 2741 parochi
550 2680 736 2739 faciem,
762 2680 830 2727 nil
855 2680 926 2727 sic
949 2681 1208 2729 metuentis
1231 2691 1284 2730 ut
1307 2699 1442 2732 acres

168 2760 390 2820 Potores3
427 2764 500 2810 vel
524 2762 652 2826 quod
676 2764 972 2812 maledicunt
1002 2765 1212 2822 liberius,
1238 2767 1312 2814 vel

165 2845 371 2893 Fervida
393 2846 521 2909 quod
546 2848 719 2895 subtile
744 2850 1004 2897 exsurdant
1026 2850 1137 2898 vina
1158 2851 1384 2915 palatum.

165 2929 417 2978 Invertunt
440 2932 716 2995 Alliphanis
735 2932 918 2980 vinaria
949 2942 1048 2981 tota

163 3013 388 3063 Vibidius
411 3015 712 3079 Balatroque,
739 3017 952 3080 sequutis
975 3018 1199 3068 omnibus
1222 3037 1232 3068 z
1270 3020 1354 3069 imi
1645 3022 1712 3069 40
