1894 3188
619 113 932 155 CARMINUM
957 112 1065 154 LIB.
1095 114 1150 153 11.

631 239 832 288 Africa:
868 255 1025 303 neque
1049 239 1201 287 Attali

369 325 570 390 Ignotus
593 325 744 372 haeres
767 324 948 388 regiam
971 323 1203 386 occupavi
1226 339 1235 369 :

629 408 740 456 Nec
763 408 1032 456 Laconicas
1063 406 1182 455 mihi

367 493 593 542 Trahunt
616 494 828 541 honestae
850 508 1084 556 purpuras
1108 491 1315 540 clientae.

630 577 699 624 At
722 577 841 624 fides
864 586 913 624 et
935 575 1102 640 ingeni

367 662 586 725 Benigna
608 677 730 708 vena
752 670 824 708 est
843 677 854 719 3
890 675 1241 724 pauperemque
1266 659 1398 706 dives

631 744 714 792 Me
738 745 888 808 petit:
925 745 1045 792 nihil
1069 742 1213 807 supra

368 830 495 878 Deos
519 830 702 877 lacesso
722 846 735 886 3
771 845 864 876 nec
887 837 1132 891 potentem
1157 827 1364 875 amicum

631 913 864 976 Largiora
887 912 1064 976 flagito,

367 996 493 1045 Satis
518 998 685 1044 beatus
709 997 868 1043 unicis
894 996 1103 1043 Sabinis.

631 1080 866 1127 Truditur
891 1080 994 1127 dies
1027 1080 1120 1140 die,

366 1165 415 1212 N
418 1181 610 1226 ovaeque
634 1173 842 1227 pergunt
864 1154 1058 1211 interire
1082 1164 1239 1211 lunae:

630 1248 712 1295 Tu
737 1249 953 1295 secanda
975 1264 1213 1295 marmora

369 1332 525 1379 Locas
549 1329 638 1379 sub
662 1332 819 1394 ipsum
843 1331 989 1378 sunus
1009 1349 1020 1390 3
1058 1341 1120 1391 et,
1147 1330 1353 1394 sepulcri

635 1415 908 1475 Immemor,
935 1416 1078 1463 struis
1103 1415 1268 1462 domos
1289 1430 1303 1472 ς

368 1501 611 1563 Marisque
635 1499 769 1547 Baiis
792 1490 1111 1562 obstrepentis
1134 1514 1279 1563 urges

633 1585 927 1632 Submovere
951 1584 1126 1640 littora,

369 1669 543 1718 Parum
567 1669 781 1732 locuples
804 1669 1085 1717 continente
1109 1668 1226 1732 ripa.

628 1753 767 1805 Quid
790 1755 808 1799 Ἰ
846 1754 972 1816 quod
995 1769 1146 1816 usque
1169 1751 1411 1816 proximos

369 1838 582 1886 Revellis
607 1838 709 1901 agri
733 1839 979 1898 terminos,
1006 1846 1054 1885 et
1077 1838 1203 1885 ultra

632 1921 835 1970 Limites
859 1923 1112 1970 clientium

369 2008 493 2055 Salis
518 2023 714 2065 avarus;
750 2007 942 2070 pellitur
965 2016 1191 2070 paternos

632 2091 692 2139 In
717 2092 825 2138 sinu
851 2091 1009 2138 ferens
1033 2092 1149 2138 deos

369 2175 431 2222 Et
454 2191 588 2231 uxor,
615 2184 664 2222 et
686 2175 769 2233 vir,
796 2175 1106 2236 sordidosque
1130 2182 1270 2220 natos
1290 2172 1299 2219 ἔ

632 2259 783 2306 Nulla
816 2258 988 2306 certior
1013 2267 1190 2318 tamen,

368 2343 585 2407 Rapacis
603 2343 722 2390 Orci
746 2343 842 2390 fine
867 2343 1122 2399 destinata,

634 2427 764 2474 Aula
787 2427 982 2474 divitem
1006 2436 1170 2474 manet

373 2512 573 2560 Herum.
642 2512 778 2563 Quid
803 2511 928 2560 ultra
951 2513 1108 2560 tendis
1129 2514 1147 2558 'l
1187 2513 1345 2576 AEqua
1367 2513 1507 2561 tellus

635 2597 839 2659 Pauperi
863 2597 1126 2644 recluditur

370 2682 660 2745 Regumque
684 2681 844 2744 pueris
866 2698 877 2727 :
914 2698 1007 2729 nec
1031 2682 1222 2729 satelles
1246 2681 1364 2730 Orci

637 2765 879 2813 Callidum
904 2766 1192 2814 Promethea

371 2849 595 2906 Revexit,
623 2866 738 2897 auro
761 2858 944 2912 captus.
1016 2851 1115 2898 Hic
1139 2851 1399 2915 superbum

630 2934 895 2982 Tantalum
919 2943 1059 2997 atque
1084 2935 1282 2982 Tantali

367 3018 534 3065 Genus
558 3022 780 3067 coercet:
817 3019 898 3067 hic
921 3019 1080 3067 levare
1105 3020 1323 3068 functum

1637 114 1704 161 45

1676 237 1708 283 01

1649 657 1708 702 10

1653 1076 1712 1121 15

1651 1919 1716 1967 a?

1652 2344 1716 2390 30

1652 2768 1717 2814 35
