1894 3188
594 114 1007 156 EPISTOLARUM
1033 116 1141 156 LIB.
1171 118 1206 157 Ι.
1612 122 1707 173 191

160 239 242 287 Ad
266 239 513 303 strepitum
538 240 735 289 citharae
760 251 1001 290 cessatum
1027 242 1205 290 ducere
1230 259 1410 292 curam.

159 323 226 372 Ut
243 323 467 387 jugulent
490 324 751 381 hominem,
779 334 981 389 surgunt
1006 326 1066 372 de
1092 334 1234 373 nocte
1258 327 1468 376 latrones
1488 345 1500 375 τ

160 407 226 457 Ut
249 408 455 471 teipsum
480 425 653 469 serves,
681 426 778 457 non
804 410 1154 474 expergisceris
1175 413 1193 456 Τ
1232 411 1381 475 Atqui
1502 396 1577 503 k

163 493 218 540 Si
242 493 375 541 noles
400 510 559 550 saum,
587 510 752 541 curres
777 495 1066 558 hydropicus
1088 511 1099 541 ι
1137 503 1201 552 et,
1227 496 1278 543 ni
1456 496 1460 497 ⁷
1520 484 1522 486 ⁵

159 575 338 624 Posces
363 586 474 624 ante
500 577 627 625 diem
651 578 827 625 librum
852 595 962 626 cum
988 579 1187 636 lumine,
1214 580 1253 626 si
1279 597 1376 628 non
1423 562 1426 569 ²
1646 583 1713 632 35

164 659 396 709 Intendes
421 662 635 709 animum
660 663 831 710 studiis
855 672 903 710 et
927 664 1069 710 rebus
1095 664 1309 712 honestis
1330 682 1341 723 3

164 744 352 793 Invidia
376 746 449 793 vel
477 763 636 794 amore
661 747 774 811 vigil
798 749 1098 810 torquebere.
1167 748 1297 796 Nam
1323 765 1422 809 cur,

163 827 291 880 Quae
315 829 496 877 laedunt
519 831 727 891 oculum,
756 831 954 879 festinas
979 833 1172 879 demere
1197 850 1207 890 3
1248 833 1287 879 si
1317 833 1431 895 quid

173 913 263 961 Est
286 915 514 975 animum,
541 917 702 963 differs
727 918 928 964 curandi
952 926 1140 980 tempus
1165 918 1214 964 in
1240 920 1459 965 annum?

165 997 433 1046 Dimidium
458 1000 586 1056 facti,
613 1000 694 1063 qui
720 1001 877 1064 coepit,
904 1001 1075 1048 habet:
1115 1018 1280 1064 sapere
1306 1003 1459 1060 aude3
1650 1004 1717 1051 40

166 1080 366 1145 Incipe:
403 1084 482 1146 qui
507 1083 638 1131 recte
664 1085 854 1132 vivendi
879 1094 1102 1148 prorogat
1134 1086 1317 1142 horam,

167 1164 403 1214 Rusticus
428 1177 675 1230 exspectat
698 1169 813 1215 dum
838 1169 1015 1216 defluat
1040 1170 1226 1227 amnis3
1264 1182 1311 1218 at
1336 1170 1415 1217 ille

167 1249 383 1307 Labitur,
410 1260 457 1298 et
480 1253 667 1299 labetur
692 1253 741 1299 in
766 1270 908 1300 omne
933 1254 1154 1300 volubilis
1182 1271 1350 1301 aevum.

232 1333 482 1384 Quaeritur
507 1345 778 1399 argentum,
803 1338 1060 1398 puerisque
1086 1337 1227 1384 beata
1251 1338 1473 1385 creandis

165 1417 310 1477 Uxor,
337 1427 384 1465 et
408 1419 600 1466 incultae
625 1429 859 1482 pacantur
884 1437 1075 1467 vomere
1103 1421 1247 1467 silvae.
1650 1423 1716 1470 45

167 1501 317 1553 Quod
342 1502 456 1550 satis
479 1512 551 1550 est
571 1505 650 1551 cui
675 1504 894 1567 contigit,
921 1505 1001 1551 hic
1026 1505 1146 1551 nihil
1172 1504 1375 1567 amplius
1399 1514 1545 1569 optet.

165 1586 281 1634 Non
306 1587 474 1634 domus
499 1596 546 1634 et
571 1588 764 1644 fundus,
790 1604 887 1635 non
914 1587 1019 1634 aeris
1045 1604 1248 1635 acervus
1273 1597 1322 1635 et
1347 1589 1448 1637 auri

169 1670 369 1734 AEgroto
394 1671 575 1718 domini
601 1672 798 1719 deduxit
822 1688 1019 1735 corpore
1046 1672 1218 1730 febres,

167 1753 282 1801 Non
307 1755 466 1802 animo
491 1772 646 1803 curas.
716 1757 891 1804 Valeat
914 1773 1156 1819 possessor
1181 1767 1383 1820 oportet,

172 1838 225 1884 Si
249 1840 556 1901 comportatis
580 1826 722 1887 rebus
746 1841 871 1888 bene
896 1841 1076 1903 cogitat
1100 1841 1184 1888 uti.
1654 1844 1722 1891 50

170 1921 275 1972 Qui
300 1924 432 1985 cupit
457 1933 538 1970 aut
561 1925 747 1980 metuit,
769 1926 903 1987 juvat
927 1926 1061 1971 illum
1087 1925 1157 1971 sic
1183 1926 1353 1972 domus
1377 1934 1425 1972 et
1447 1942 1539 1985 res,

171 2005 237 2053 Ut
260 2006 439 2068 lippum
465 2007 606 2069 pictae
631 2008 818 2067 tabulae,
847 2008 1058 2055 fomenta
1080 2009 1357 2070 podagram,

171 2089 434 2136 Auriculas
458 2090 652 2137 citharae
677 2091 881 2137 collecta
905 2091 1042 2137 sorde
1063 2091 1295 2138 dolentes.

171 2174 428 2221 Sincerum
453 2183 525 2221 est
548 2175 640 2221 nisi
666 2191 761 2230 vas,
787 2175 1107 2236 quodcunque
1132 2175 1347 2222 infundis
1371 2177 1564 2224 acescit.

172 2258 359 2320 Sperne
383 2258 650 2320 voluptates
672 2276 681 2305 :
719 2266 862 2305 nocet
886 2267 1045 2321 empta
1069 2259 1229 2307 dolore
1254 2260 1482 2323 voluptas.
1653 2263 1719 2312 55

172 2342 373 2405 Semper
399 2358 566 2389 avarus
590 2351 699 2406 eget
720 2359 732 2399 ς
770 2351 955 2389 certum
979 2352 1086 2390 voto
1110 2353 1219 2406 pete
1245 2344 1406 2392 finem.

171 2425 372 2473 Invidus
396 2426 590 2473 alterius
614 2427 869 2474 macrescit
893 2427 1036 2474 rebus
1067 2428 1267 2490 opimis:

171 2509 362 2557 Invidia
387 2510 540 2557 Siculi
563 2527 662 2557 non
685 2510 914 2558 invenere
939 2512 1130 2574 tyranni

172 2593 333 2658 Majus
356 2603 662 2642 tormentum.
731 2594 835 2646 Qui
859 2612 954 2643 non
982 2597 1304 2646 moderabitur
1329 2599 1427 2657 irae,

172 2678 416 2726 Infectum
440 2679 565 2726 volet
587 2695 708 2735 esse,
736 2679 867 2727 dolor
891 2681 1017 2742 quod
1042 2682 1248 2728 suaserit
1271 2691 1319 2730 et
1342 2699 1495 2742 mens,
1654 2688 1719 2736 60

171 2761 303 2809 Dum
326 2779 493 2825 poenas
516 2763 626 2810 odio
649 2779 733 2826 per
757 2763 851 2810 vim
877 2763 1073 2811 festinat
1097 2765 1263 2814 in‘ulto.

171 2845 252 2894 Ira
275 2845 402 2895 furor
425 2847 582 2894 brevis
606 2856 705 2894 est:
744 2847 958 2894 animum
982 2865 1111 2911 rege,
1137 2851 1234 2912 qui,
1259 2851 1354 2899 nisi
1377 2863 1526 2915 paret,

170 2929 408 2993 Imperat:
433 2932 565 2980 hunc
591 2931 765 2989 fraeniS,
792 2933 923 2979 hunc
947 2941 998 2980 tu
1023 2949 1276 2997 compesce
1302 2938 1487 2985 catena.

167 3013 334 3078 Fingit
356 3031 531 3078 equum
555 3018 721 3064 tenera
745 3017 950 3065 docilem
978 3018 1168 3067 cervice
1192 3020 1419 3084 magister
