1894 3188
169 99 294 176 40'

704 121 755 168 Q.
785 116 1026 159 HORATH
1054 115 1198 157 FLAC
1204 116 1262 156 CI

501 247 696 311 Pugnas
720 255 769 294 et
792 254 986 294 exactos
1009 254 1240 309 tyrannos

568 331 789 379 Densum
813 330 1026 378 humeris
1049 331 1170 379 bibit
1193 347 1308 378 aure
1333 331 1517 395 vulgus.

434 416 573 468 Quid
596 416 785 476 mirum,
811 415 895 462 ubi
918 415 1012 462 illis
1035 415 1329 465 carminibus
1353 424 1550 479 stupens

436 500 662 548 Demittit
686 509 811 547 atras
836 499 997 547 bellua
1020 499 1268 564 centiceps

503 585 678 644 AureS,
705 593 754 632 et
778 584 942 632 intorti
965 584 1151 647 capillis

568 669 895 717 Eumenidum
920 651 1201 717 recreantur
1233 667 1456 734 angues!

436 753 576 806 Quin
600 762 648 801 et
672 753 1003 810 Prometheus,
1029 762 1077 801 et
1101 753 1290 816 Pelopis
1308 768 1505 817 parens,

438 839 584 887 Dulci
603 839 818 886 laborum
843 838 1080 901 decipitur
1105 854 1224 886 sono
1246 855 1255 885 2

502 923 613 971 Nec
637 932 774 970 curat
798 922 951 970 Orion
975 923 1140 970 leones

563 1007 666 1054 Aut
690 1007 883 1054 timidos
908 1007 1088 1070 agitare
1113 1007 1296 1069 lyncas.

846 1464 987 1511 ODE
1022 1462 1114 1511 XI.
1136 1470 1161 1488 ⁸

768 1631 834 1662 AD
865 1629 1196 1662 ΡοεΤΗυΜυΜ.

442 1771 588 1819 Eunu
612 1768 622 1815 !
662 1769 873 1831 fugaces,
900 1765 1178 1821 Posthume,
1205 1764 1480 1820 Posthume‚

441 1856 690 1904 Labuntur
716 1852 831 1899 anni
853 1869 864 1897 :
901 1867 994 1898 nec
1017 1851 1171 1913 pietas
1196 1865 1375 1896 moram

506 1940 666 2002 Rugis
686 1946 734 1985 et
757 1922 955 1984 instanti
980 1943 1187 1982 senectae

573 2023 773 2081 Afferet,
800 2020 1139 2081 indomitaeque
1172 2019 1326 2066 morti.

442 2109 573 2164 Non,
601 2107 640 2155 si
658 2105 868 2153 trecenis
891 2112 1119 2167 quotquot
1143 2112 1260 2150 eunt
1284 2102 1403 2158 dies²

444 2193 635 2247 Amic-e,
661 2191 824 2254 places
848 2187 1246 2251 illacrymabilem

510 2278 716 2325 Plutona
738 2273 888 2321 tauris
909 2290 920 2331 3
956 2272 1037 2335 qui
1061 2281 1133 2319 ter
1157 2271 1368 2333 amplum

574 2361 832 2422 Geryonen
857 2357 1134 2419 Tityonque
1158 2355 1281 2402 tristi

447 2443 728 2507 Compescit
750 2442 900 2497 unda,
925 2441 1114 2490 scilicet
1137 2439 1377 2494 omnibus,

447 2529 744 2589 Quicunque
767 2535 906 2573 terrae
931 2540 1130 2571 munere
1154 2523 1411 2577 vescimur,

514 2610 850 2673 Enavigandzl,
873 2609 973 2655 sive
997 2622 1149 2670 reges,

580 2695 692 2742 Sive
717 2694 884 2756 inopes
908 2691 1084 2739 erimus
1110 2690 1281 2738 coloni.

451 2778 650 2829 Frustra}
673 2786 874 2826 cruento
899 2775 1055 2823 Marte
1080 2774 1365 2832 carebimus,

451 2864 732 2926 Fractisque
756 2861 894 2909 rauci
919 2859 1144 2907 fluctibus
1168 2858 1365 2905 Hadriae
1385 2872 1399 2912 ς

517 2945 717 2997 Ὲῐυεῖϊέι
739 2963 823 3009 per
845 2954 1099 2993 autumnos
1122 2949 1378 2990 nocentem

584 3031 877 3095 Corporibus
899 3037 1169 3092 metuemus
1193 3027 1442 3074 Austrum.

1721 585 1786 632 35

1725 1004 1789 1051 40

1736 2519 1794 2565 10
