1894 3188
591 62 905 103 CARMINUM
931 63 1040 104 LIB.
1069 65 1141 104 IV.
1596 71 1661 120 95

321 188 627 252 Importunus
652 189 805 236 Amor
829 191 1085 238 transvolat
1111 192 1267 239 aridas
1630 196 1661 240 5

320 271 565 328 Quercus,
591 280 640 318 et
663 271 838 335 refugit
862 282 924 330 te,
950 274 1060 336 quia
1082 275 1225 322 luridi

614 351 799 399 Dentes
823 362 886 410 te,
911 355 1023 416 quia
1046 372 1177 418 rugae

547 435 785 499 Turpant‚
811 447 859 485 et
883 439 1056 502 capitis
1080 439 1230 488 nives.

318 519 428 568 Nec
451 520 565 568 Coae
589 520 802 568 referunt
820 521 918 585 jam
944 523 1031 570 tibi
1055 540 1290 587 purpurae,

317 603 426 652 Nec
450 604 565 651 clari
589 604 790 667 lapideS‚
817 613 1030 669 tempora
1053 623 1157 669 quae
1184 609 1329 656 semel
1598 613 1658 660 10

609 688 752 735 Notis
777 690 970 737 condita
1002 691 1134 738 fastis

544 770 747 819 Inclusit
772 773 977 821 volucris
1001 775 1118 822 dies.

315 851 432 904 Qu&
458 853 580 917 fugit
604 855 807 902 Venus?
845 858 966 905 heu!
1005 858 1158 921 queve
1183 860 1311 908 color
1335 861 1515 911 decens
1536 865 1555 909 Ἰ

313 936 431 988 Qu&
456 940 650 986 motus?
687 940 800 1002 quid
825 942 974 989 habes
999 943 1142 1001 illius,
1168 945 1312 1002 illius,

610 1022 736 1074 Quae
762 1025 974 1088 spirabat
993 1043 1194 1085 amoreS‚
1593 1034 1654 1080 15

540 1106 667 1158 Quae
693 1125 768 1156 me
794 1120 1046 1172 surpuerat
1069 1112 1203 1169 mihi,

313 1189 451 1237 Felix
474 1200 580 1253 post
605 1191 859 1254 Cynamm,
885 1203 1091 1257 notaque
1116 1205 1163 1244 et
1187 1198 1360 1246 artium

311 1272 566 1321 Gratarum
593 1274 740 1322 facies
762 1278 779 1322 Τ
818 1278 916 1324 Sed
941 1279 1143 1340 Cynarae
1169 1281 1334 1330 breves

607 1359 778 1407 Annos
803 1361 898 1408 fata
922 1363 1172 1424 dederunt,

541 1443 796 1491 Servatura
820 1445 901 1492 diu
925 1463 1089 1509 parem
1586 1454 1651 1501 20

309 1524 529 1573 Cornicis
554 1527 723 1574 vetulae
747 1531 1039 1593 temporibus
1064 1532 1230 1595 Lycen
1252 1552 1266 1592 3

309 1608 510 1657 Possent
533 1619 584 1658 ut
602 1611 804 1674 juvenes
828 1614 980 1662 visere
1006 1616 1188 1677 fervidi,

603 1694 761 1744 Multo
785 1714 881 1745 non
907 1699 1010 1747 sine
1035 1701 1149 1758 risu,

536 1778 782 1844 Dilapsam
810 1782 859 1830 in
885 1784 1072 1833 cineres
1098 1786 1271 1834 facem.

680 2113 820 2161 ODE
856 2116 1003 2165 XIII.

645 2262 712 2294 AD
749 2264 1036 2299 AUGUSTUM.

300 2377 433 2429 QUAE
459 2396 576 2427 cura
599 2380 807 2442 Patrum,
833 2400 996 2446 quaeve
1020 2386 1303 2447 Quiritium,

301 2459 462 2508 Plenis
488 2462 719 2510 honorum
745 2467 1024 2514 muneribus
1048 2483 1170 2527 tuas,

365 2544 599 2608 Auguste,
625 2547 822 2595 virtutes
846 2549 896 2597 in
923 2567 1075 2601 aevum

427 2628 519 2676 Per
541 2630 703 2679 titulos
727 2648 1057 2698 memoresque
1083 2637 1231 2686 fastos

298 2711 559 2760 AEternet?
595 2731 639 2771 0,
665 2717 759 2778 qua
784 2718 852 2765 sol
878 2718 1162 2769 habitabiles
1609 2728 1641 2775 5

298 2795 510 2845 Illustrat
531 2815 652 2859 oras,
678 2801 885 2849 maxime
908 2803 1194 2869 principum,

359 2879 525 2932 Quem
548 2882 668 2946 legis
691 2893 910 2947 expertes
934 2886 1118 2936 Latinae

425 2964 670 3015 Vindelici
694 2967 910 3019 didicere
934 2986 1089 3035 nuper
