1894 3188
228 131 293 179 58

758 126 808 174 Q.
836 125 1074 166 HORATII
1101 124 1305 165 FLACCI

555 251 601 302 Ο
624 268 800 316 magna
823 251 1080 315 Carthago,
1104 251 1340 314 probrosis

619 337 774 384 Altior
799 335 948 383 Italiae
971 333 1148 383 ruinis!
1171 336 1201 358 '’

492 421 662 469 Fertur
685 421 871 484 pudioae
894 419 1111 483 conjugis
1134 419 1363 477 osculum,

492 505 759 568 Parvosque
784 513 934 561 natos,
960 512 1011 551 ut
1035 503 1203 566 eapitis
1226 502 1391 561 minor,

558 590 637 637 Ab
661 606 712 637 se
735 588 1003 648 removisse,
1030 596 1078 635 et
1099 587 1281 634 virilem

620 673 810 722 Torvus
833 672 965 720 humi
988 671 1200 735 posuisse
1225 671 1433 718 vultum:

495 756 664 804 Donec
686 757 901 802 labantes
925 753 1123 801 oonsilio
1145 762 1303 816 patres

495 839 729 888 Firmaret
753 846 915 886 auctor
939 854 1183 900 nunquam
1207 835 1323 884 alias
1348 837 1473 892 dato,

559 923 784 986 Interque
808 931 1061 970 moerentes
1086 921 1263 968 amieos

624 1007 858 1071 Egregius
881 1014 1156 1069 properaret
1178 1005 1326 1052 exsul.

498 1091 646 1153 Atqui
670 1091 851 1139 sciebat
874 1107 977 1153 quae
1001 1090 1089 1137 sibi
1114 1090 1343 1137 barbarus

499 1175 673 1224 Tortor
695 1183 882 1239 pararet
901 1192 912 1221 ε
948 1191 1044 1222 non
1069 1174 1202 1221 aliter
1222 1183 1383 1221 tamen

562 1259 771 1307 Dimovit
794 1259 1035 1306 obstantes
1058 1258 1387 1321 proquinquos,

627 1344 690 1391 Et
711 1344 935 1407 populum
958 1344 1136 1391 reditus
1156 1350 1432 1396 morantem,

499 1426 664 1478 Quam
687 1428 727 1475 si
751 1428 978 1475 olientfim
1000 1429 1142 1491 longa
1165 1426 1357 1490 negotia

502 1510 776 1574 Dijudi'oata
800 1512 881 1557 lite
905 1513 1207 1572 relinqueret,
1289 1570 1303 1578 -

567 1594 798 1643 Tendens
820 1594 1119 1641 Venafranos
1143 1595 1192 1640 in
1217 1609 1369 1656 agrOS‚

630 1679 732 1727 Aut
754 1676 1170 1727 Lacedaemonium
1195 1677 1477 1725 Tarentum³

903 2084 1043 2133 ODE
1076 2084 1165 2131 VI.

861 2235 927 2266 AD
962 2233 1212 2266 ROMANOS.

509 2353 737 2402 Damon
759 2352 989 2415 majorum
1013 2350 1273 2398 immeritus
1296 2350 1414 2406 lues,

508 2437 744 2493 Romane,
769 2437 922 2484 donee
944 2435 1118 2497 templa
1140 2434 1377 2492 refeceris,

576 2522 816 2582 AEdesque
839 2520 1052 2566 labentes
1076 2520 1285 2576 deorum,
1311 2527 1359 2564 et

639 2604 790 2651 Foeda
812 2603 947 2665 nigro
971 2602 1223 2648 simulacra
1247 2601 1391 2647 fumo.

513 2689 602 2736 Dis
623 2696 671 2736 te
694 2687 925 2734 minorem
948 2684 1073 2747 quod
1098 2685 1237 2747 geriS,
1263 2685 1465 2746 imperas
1487 2699 1495 2728 :

514 2772 646 2820 Hinc
668 2787 807 2819 omne
830 2769 1132 2833 principium,
1158 2769 1252 2814 huo
1276 2767 1398 2815 refer
1422 2766 1614 2814 exitum.

579 2855 643 2903 Di
667 2855 815 2901 multa
837 2853 1044 2917 neglecti
1068 2853 1301 2898 dederunt

645 2938 892 3000 Hesperiae
916 2936 1043 2984 mala
1064 2936 1306 2983 luctuosae.

1724 302 1825 378 ‘40

1760 751 1824 797 45

1763 1170 1826 1218 50
