1894 3188
612 81 940 123 SATIRARUM
966 80 1074 120 LIB.
1105 80 1139 120 Ι.
1577 85 1675 140 143

140 209 392 257 Humanos
417 207 598 254 animos
619 222 630 252 ε
668 206 753 252 has
778 205 908 253 nullo
930 205 1129 268 perdere
1153 221 1346 268 possum

137 293 246 341 Nec
270 292 519 356 prohibere
544 290 700 346 modo,
727 290 866 336 simul
892 306 949 336 ac
973 305 1089 352 vaga
1114 289 1228 336 luna
1253 291 1479 338 decorum
1611 290 1676 337 20

139 377 340 425 Protulit
361 393 428 435 os,
453 374 567 437 quin
591 390 699 421 ossa
721 373 899 436 legant,
927 373 1191 435 herbasque
1216 383 1461 422 nocentes.

204 460 317 507 Vidi
342 466 529 522 egomet
553 457 688 520 nigra
713 456 1011 504 succinctam
1036 457 1210 503 vadere
1233 457 1357 520 palla

140 543 412 598 Canidiam,
436 541 639 605 pedibus
664 541 804 588 nudis
829 557 1060 603 passoque
1087 541 1279 604 capi110‚

139 628 263 675 Cum
289 626 484 690 Sagana
508 625 684 689 majore
710 625 972 672 ululantem
993 642 1004 682 3
1041 625 1189 688 pallor
1214 633 1436 688 utrasque

137 711 344 759 Fecerat
368 711 627 758 horrendas
654 719 865 772 aspectu.
937 710 1163 772 Scalpere
1186 718 1363 757 terram
1600 710 1676 758 2⁵

139 795 409 859 Unguibus,
435 803 483 841 et
506 794 683 857 pullam
709 794 933 841 divellere
958 792 1200 840 mordicus
1224 810 1397 857 agnam

140 880 430 943 Coeperunt:
466 895 604 926 cruor
629 877 678 925 in
704 878 875 925 fossam
901 878 1145 934 conquUS,
1170 886 1223 925 ut
1248 876 1362 926 inde

139 963 314 1011 Manes
337 964 581 1018 elicerent,
611 962 794 1017 animas
817 979 1046 1024 responsa
1077 963 1284 1010 daturas.

138 1047 304 1096 Lanea
326 1057 373 1094 et
397 1047 577 1110 effigies
601 1055 718 1102 erat,
745 1046 892 1093 altera
917 1063 1086 1104 cerea3
1124 1047 1276 1110 major

137 1132 314 1191 Lanea,
339 1148 443 1193 quae
461 1131 616 1194 poenis
641 1139 968 1193 compesceret
992 1130 1281 1178 inferiorem.
1613 1131 1678 1179 30

138 1215 295 1262 Cerea
319 1214 593 1277 suppliciter
618 1214 786 1270 stabat,
813 1214 1077 1273 servilibus,
1104 1223 1249 1276 utque

138 1297 168 1345 J
172 1314 247 1345 am
271 1298 492 1360 peritura,
519 1297 686 1344 modis.
758 1297 979 1343 Hecaten
1005 1306 1144 1345 vocat
1167 1297 1322 1345 altera
1344 1313 1534 1355 saevam,

138 1382 306 1430 Altera
330 1381 661 1443 Tisiphonen:
699 1390 943 1443 serpentes
969 1389 1111 1442 atque
1136 1381 1324 1429 videres

138 1465 358 1513 Infernas
381 1481 538 1512 errare
563 1481 708 1511 canes
729 1481 740 1522 3
777 1465 1036 1526 lunamque
1060 1465 1329 1522 rubentem,

137 1549 216 1597 Ne
242 1549 360 1597 foret
384 1549 457 1595 his
481 1549 627 1607 testie,
652 1558 758 1611 post
782 1565 956 1612 magna
979 1549 1127 1596 latere
1153 1549 1390 1612 sepulcra.
1610 1550 1677 1599 35

140 1633 350 1681 Mentior
375 1642 423 1681 at
447 1633 486 1680 si
510 1633 641 1695 quid,
666 1633 844 1680 merdis
868 1641 1018 1696 caput
1040 1633 1263 1695 inquiner
1295 1633 1416 1681 albis

139 1718 431 1775 Corvorum;
481 1727 620 1780 atque
661 1717 710 1764 in
757 1734 834 1765 me
878 1718 1073 1765 veniant
1112 1718 1314 1771 mictum
1359 1727 1500 1782 atque
1541 1734 1678 1769 caca-

269 1811 370 1849 tum

139 1883 297 1932 Julius
320 1893 368 1930 et
392 1884 570 1946 fragilis
594 1883 812 1935 Pediatia
835 1884 1003 1946 furque
1028 1884 1266 1939 Voranus.

140 1968 344 2036 Singula
367 1968 479 2030 quid
504 1976 760 2014 memorem
785 1970 803 2013 ’ἒ
841 1983 934 2029 quo
956 1976 1096 2030 pacto
1121 1968 1307 2015 alterna
1329 1968 1581 2030 loquentes

138 2051 329 2099 Umbrae
354 2068 465 2098 cum
491 2052 680 2113 Sagana
703 2051 971 2098 resonarint
994 2051 1128 2098 triste
1152 2060 1200 2097 et
1223 2060 1418 2099 acutum
1438 2069 1451 2111 3
1612 2053 1677 2101 40

138 2135 294 2198 thue
317 2135 416 2197 lupi
442 2135 637 2181 barbam
663 2135 802 2181 variae
828 2150 938 2181 cum
963 2135 1107 2188 dente
1142 2135 1349 2183 colubrae

138 2219 428 2267 Abdiderint
453 2218 612 2265 furtim
636 2218 775 2265 terris
795 2235 807 2275 3
845 2226 893 2265 et
917 2218 1126 2281 imagine
1150 2220 1291 2267 cerea

137 2303 336 2366 Largior
361 2303 529 2350 arserit
552 2302 677 2366 ignis
697 2319 708 2359 3
746 2311 794 2349 et
817 2311 869 2349 ut
891 2319 990 2350 non
1014 2303 1148 2350 testis
1167 2303 1349 2352 inultus

140 2387 421 2436 Horruerim
446 2403 587 2434 voces
612 2385 866 2433 Furiarum
890 2395 939 2433 et
962 2385 1089 2434 facta
1108 2387 1347 2435 duarum?

137 2471 283 2531 Nam,
309 2471 518 2534 displosa
541 2479 678 2518 sonat
701 2469 931 2532 quantum
957 2470 1132 2527 vesica,
1156 2471 1330 2535 pepedi
1612 2472 1678 2520 45

137 2555 332 2603 Diffissa
355 2564 465 2603 nate
489 2555 610 2602 ficus
630 2571 643 2612 3
680 2563 727 2602 at
750 2554 843 2601 illae
867 2570 1061 2602 currere
1086 2554 1135 2603 in
1160 2555 1330 2604 urbem
1351 2571 1363 2602 ε

137 2640 353 2688 Canidiae
377 2641 562 2696 dentes,
590 2639 736 2686 altum
764 2639 967 2701 Saganae
993 2638 1292 2687 caliendrum

135 2723 388 2783 Excidere,
414 2732 555 2786 atque
579 2723 766 2782 h‘erbaS,
793 2730 933 2784 atque
959 2722 1204 2776 incantata
1225 2723 1421 2773 lacertis

138 2806 361 2864 Vincula,
386 2824 497 2855 cum
522 2823 697 2871 magno
721 2806 912 2868 risuque
929 2806 1134 2870 jocoque
1157 2807 1360 2856 videres.
