1894 3188
609 61 938 102 SATIRARUM
963 62 1073 103 LIB.
1102 64 1158 103 ΙΙ.
1581 69 1679 115 153

148 186 312 277 Duxit
322 187 381 234 ab
403 187 628 250 oppresse.
652 187 872 235 meritum
897 187 1192 251 Carthagine
1225 204 1414 248 nornen,

149 249 352 333 Ingenio
374 269 559 326 offensi,
586 279 668 318 aut
690 270 802 318 laeso
826 271 1022 319 doluere
1047 272 1263 328 Metello,

145 353 456 416 Famosisque
480 352 617 416 Lupo
641 363 864 417 cooperto
888 352 1135 402 versibus.
1119 357 1137 389 Ψ
1174 357 1317 417 Atqui

144 436 380 484 Primores
402 437 563 501 populi
588 438 785 500 arripuit
807 440 1128 502 populumque
1152 440 1382 495 tributim,

147 515 344 568 Scilicet
368 520 452 567 uni
477 536 638 583 aequus
662 522 822 569 virtuti
847 532 988 585 atque
1012 524 1115 586 ejus
1140 524 1323 571 amicis.
1617 526 1680 571 70

140 600 293 657 Quin,
319 601 400 655 ubi
425 617 476 648 se
501 618 530 648 a
552 602 693 665 vulgo
716 612 764 669 et
786 605 936 666 scena
959 604 1008 651 in
1033 615 1220 652 secreta
1244 605 1482 652 remerant

143 685 308 731 Virtus
336 684 572 747 Scipiadae
597 694 645 732 et
667 672 1055 750 fflit'issapientia
1077 688 1208 749 Laeli,

143 767 192 814 N
195 767 329 830 ugari
353 783 463 814 cum
489 768 582 828 illo,
610 778 657 816 et
680 770 903 818 discincti
927 771 1107 828 ludere,
1134 773 1288 820 donec

143 851 500 914 Decoqueretur
523 852 644 909 olus,
669 854 809 902 soliti.
877 855 1130 919 Quidquid
1155 873 1259 903 sum
1272 864 1388 919 ego,
1413 857 1627 919 quamvis

140 939 273 987 Infra
297 940 453 988 Lucili
477 957 676 989 censum
702 941 1058 1015 ingeniumque,
1084 951 1246 988 tamen
1273 958 1348 988 me
1613 942 1677 988 75

140 1021 266 1070 Cum
291 1024 483 1086 magnis
500 1024 677 1072 ¹'vixisse
702 1008 850 1071 invita
873 1007 1098 1072 fatebitur
1122 1041 1272 1087 usque

138 1105 340 1166 Invidia,
367 1117 430 1163 et,
458 1107 610 1171 fragili
634 1124 851 1170 quaerens
875 1108 1059 1155 illidere
1085 1109 1298 1173 dentem}

137 1189 367 1237 Offendet
391 1191 572 1239 solido:
609 1192 701 1239 nisi
725 1193 838 1254 quid
863 1201 931 1248 tu,
956 1193 1096 1240 docte
1131 1192 1348 1250 Trebati,

136 1273 391 1322 Dissentis.

730 1371 852 1398 TREB
856 1371 1013 1398 ATIUS.

527 1428 762 1491 Equidem
787 1430 906 1476 nihil
931 1430 1009 1477 hic
1034 1396 1284 1478 diffindere
1307 1447 1518 1493 possum.

134 1511 230 1558 Sed
254 1520 430 1567 tamen,
457 1521 509 1559 ut
533 1513 742 1561 monitus
766 1529 952 1572 caveas,
978 1531 1039 1561 ne
1067 1515 1184 1561 forte
1210 1516 1374 1577 negoti
1613 1515 1678 1562 80
1713 1567 1716 1570 ,

131 1595 343 1642 Incutiat
366 1595 451 1642 tibi
475 1597 589 1657 quid
613 1603 886 1644 sanctarum
911 1598 1102 1644 inscitia
1125 1599 1302 1660 legum,

133 1679 186 1725 Si
211 1679 335 1725 mala
358 1679 662 1727 condiderit
651 1697 700 1727 ln
725 1697 867 1742 quem
891 1680 996 1743 quis
1021 1681 1254 1737 carmina,
1275 1682 1353 1745 jus
1378 1691 1450 1728 est
1529 1704 1536 1711 ·

131 1761 160 1807 J
166 1762 484 1824 udiciumque.

739 1859 994 1886 HORATIUS.

659 1917 789 1976 Esto,
815 1919 855 1964 si
879 1919 984 1980 quis
1007 1919 1162 1976 mala3
1200 1919 1283 1965 sed
1310 1919 1434 1966 bona
1459 1920 1497 1966 si
1522 1921 1628 1981 quis

131 1998 159 2044 J
166 1999 303 2045 udice
328 1999 597 2047 condiderit
619 2000 840 2047 laudatus
865 2002 1071 2061 Caesare,
1100 2002 1139 2048 si
1164 2002 1270 2064 quis

130 2081 410 2144 opprobriis
434 2084 632 2147 dignum
657 2073 909 2143 latraverit,
935 2085 1122 2148 integer
1147 2086 1247 2148 ipse
1270 2088 1288 2132 2
1606 2089 1670 2135 85

340 2200 343 2210 ,
726 2179 1009 2206 TREBATIUS.

131 2231 384 2283 Solventur
408 2236 505 2283 risu
529 2236 728 2294 tabulae;
766 2246 817 2284 tu
842 2237 1014 2285 missus
1039 2238 1207 2285 abibis.

677 2655 943 2703 SATIRA
980 2657 1046 2704 II.

126 2786 259 2836 QUAE
284 2788 430 2833 virtus
453 2795 501 2834 et
522 2797 711 2849 quanta,
737 2788 866 2845 boni,
892 2790 952 2837 sit
976 2790 1133 2838 vivere
1156 2808 1316 2854 parvo,

127 2868 236 2915 Nec
258 2885 393 2917 meus
417 2870 496 2917 hic
518 2887 674 2919 sermo
696 2880 782 2931 est,
808 2873 892 2920 sed
915 2889 1019 2936 quae
1043 2876 1270 2938 proecepit
1293 2876 1482 2924 Ofellus

126 2951 373 3010 Rusticus,
399 2953 637 3003 abnormis
660 2956 851 3019 sapiens
874 2959 1126 3022 crasseque
1152 2959 1384 3019 Minervfi,
