1894 3188
590 70 900 112 CARMINUM
924 70 1031 111 LIB.
1060 71 1134 111 IV.

579 197 760 245 Totum
784 196 994 245 muneris
1018 197 1109 244 hoc
1131 197 1200 243 tui
1224 206 1312 254 est,

320 281 470 335 Quod
495 290 728 330 monstror
753 282 902 345 digito
924 281 1311 345 praetereuntium

578 365 814 412 Romanae
839 365 1016 412 fidicen
1040 365 1183 427 lyrae:

321 449 470 502 Quod
495 449 621 513 spiro
644 457 691 496 et
713 449 879 512 placeo
905 448 967 514 (si
990 449 1199 513 placeo),
1226 455 1359 495 tuum
1381 456 1465 496 est.

721 783 862 833 ODE
896 782 990 830 III.

665 933 814 965 DRUSI
849 934 1056 967 LAUDES.

328 1051 553 1103 QUALEM
577 1051 846 1098 ministrum
871 1051 1083 1099 fulminis
1107 1052 1266 1099 alitem

330 1134 448 1198 (Cui
471 1151 554 1182 rex
577 1135 772 1183 deorum
796 1152 998 1199 regnum
1023 1137 1072 1183 in
1097 1153 1207 1185 aves
1229 1151 1374 1199 vagas

396 1219 632 1275 Permisit,
658 1229 880 1281 expertus
904 1220 1094 1266 fidelem

460 1302 646 1364 Jupiter
671 1302 720 1348 in
744 1303 1023 1364 Ganymede
1047 1302 1189 1368 flavo)

332 1386 462 1435 Olim
482 1387 715 1449 juventaS‚
741 1394 788 1433 et
810 1387 990 1449 patrius
1013 1387 1158 1449 vigor,

330 1470 460 1518 Nido
483 1470 698 1517 laborum
722 1470 926 1533 propulit
950 1470 1153 1517 inscium
1174 1487 1187 1527 3

398 1554 657 1616 Vernique,
679 1554 779 1617 jam
804 1554 978 1601 nimbis
1002 1554 1209 1611 remotis,

460 1637 682 1686 Insolitos
706 1637 913 1686 docuere
938 1639 1070 1686 nisus

333 1722 479 1769 Venti
502 1730 752 1784 paventem
773 1739 786 1779 3
823 1738 933 1769 mox
956 1722 1005 1769 in
1029 1722 1170 1769 ovilia

335 1805 540 1853 Demisit
564 1807 747 1853 hostem
771 1806 953 1853 vividus
978 1807 1180 1869 impetus
1200 1824 1211 1864 3

398 1889 546 1936 Nunc
569 1889 618 1935 in
642 1889 934 1936 reluctantes
959 1891 1189 1937 dracones

464 1972 577 2035 Egit
601 1989 732 2019 amor
756 1973 890 2035 dapis
915 1983 1053 2034 atque
1077 1989 1249 2036 pugnae
1271 1990 1281 2019 :

335 2055 604 2107 Qualemve
628 2056 746 2102 laetis
771 2072 943 2118 caprea
965 2057 1156 2118 pascuis

337 2139 530 2186 Intenta
555 2138 692 2185 fulvae
717 2139 881 2184 matris
906 2139 965 2185 ab
988 2139 1134 2186 ubere

402 2223 511 2269 Jam
534 2222 657 2268 lacte
682 2222 931 2283 depulsum
956 2221 1158 2279 leonem,

468 2306 627 2352 Dente
652 2321 773 2352 novo
796 2305 1019 2368 peritura,
1045 2306 1162 2353 vidit
1183 2323 1194 2353 ε

340 2388 520 2438 Videre
545 2388 732 2436 Rhaetis
756 2389 879 2435 bella
902 2389 989 2435 sub
1009 2389 1214 2452 Alpibus

341 2473 550 2521 Drusum
575 2482 821 2536 gerentem
845 2473 1115 2532 Vindelici;
1152 2473 1322 2536 quibus

406 2557 514 2605 Mos
538 2558 664 2604 unde
689 2558 923 2604 deductus
945 2574 1029 2620 per
1051 2574 1193 2606 omne

472 2641 688 2703 Tempus
713 2641 984 2688 Amazonia
1009 2643 1165 2689 securi

346 2725 550 2772 Dextras
573 2726 798 2784 obarmet‚
824 2741 1033 2787 quaerere
1058 2726 1219 2774 distuli

345 2808 477 2873 (Nec
500 2809 622 2856 scire
648 2809 717 2856 fas
741 2818 813 2855 est
835 2809 1017 2874 omnia)
1043 2826 1052 2856 ε
1090 2811 1174 2857 sed
1198 2810 1279 2858 diu

408 2892 621 2954 Lateque
646 2893 866 2940 victrices
889 2903 1105 2952 catervas,

474 2976 700 3024 Consiliis
719 2976 907 3040 juvenis
931 2977 1139 3033 revictae,

1587 75 1653 122 83

1606 1809 1665 1855 10

1609 2228 1667 2273 15

1609 2646 1673 2692 20
