1894 3188
597 150 929 193 SATIRARUM
963 149 1070 191 LIB.
1100 150 1156 190 11.
1583 153 1682 202 173

140 278 285 327 Vivet
308 287 413 327 uter
437 277 650 341 locuples
675 278 778 325 sine
802 278 977 342 gnatis,
1003 276 1247 340 improbus
1272 275 1394 324 ultro

137 361 241 414 Qui
265 363 511 411 meliorem
535 362 695 409 audax
718 371 856 409 vocet
879 362 929 409 in
949 361 1028 425 jus
1047 377 1058 419 3
1096 360 1224 407 illius
1249 369 1352 407 esto

138 445 374 494 Defensor
396 464 406 493 ε
445 446 571 493 fama
595 445 749 493 civem
774 447 1015 507 causaque
1037 444 1244 507 priorem
1611 442 1679 490 30

146 531 348 594 Sperne,
374 530 500 577 domi
526 529 565 577 si
589 538 764 593 gnatus
789 530 879 577 erit
899 530 1182 577 foecundave
1207 527 1399 591 conjux.

141 619 168 640 “
181 614 415 674 Quinte‚”
437 622 567 677 puta,
589 622 671 661 aut
691 619 718 640 “
736 614 926 670 Publi,’'
949 613 1185 677 (gaudent
1201 611 1495 676 praenomine
1514 610 1680 660 molles

137 698 422 765 Auriculae‚)
450 703 476 724 “
497 698 584 745 tibi
609 715 686 746 me
711 698 859 745 virtus
883 706 966 745 tua
989 698 1105 745 fecit
1129 698 1365 746 amicum:

140 782 228 830 Jus
252 799 432 846 anceps
456 782 582 839 novi,
608 799 779 830 causas
803 782 1062 830 defendere
1086 798 1278 845 possum
1300 798 1312 827 ε

138 866 321 930 Eripiet
344 867 496 929 quivis
519 867 684 915 oculos
708 866 851 914 citius
877 867 1008 927 mihi,
1035 865 1178 929 quam
1201 874 1248 914 te
1617 862 1682 913 35

142 950 484 1013 Contemptum
508 952 644 998 cassa
667 967 793 1003 nuce
816 960 1048 1014 pauperet
1068 968 1078 997 ε
1116 952 1220 998 haec
1243 965 1352 997 mea
1374 965 1491 998 cura
1513 957 1602 1006 est,

138 1035 217 1083 Ne
241 1036 354 1098 quid
377 1044 429 1082 tu
453 1036 637 1098 perdas,
664 1052 761 1083 neu
786 1036 850 1083 sis
869 1036 1060 1100 jocus.”
1130 1036 1209 1083 Ire
1234 1036 1429 1083 domum
1453 1042 1594 1097 atque

139 1118 421 1167 Pelliculam
445 1136 613 1167 curare
634 1119 749 1183 jube
771 1137 783 1166 z
819 1120 851 1167 fi
875 1120 1092 1183 cognitor
1116 1120 1233 1182 ipse.

137 1203 306 1251 Persta
331 1212 471 1266 atque
494 1205 694 1264 obdura,
722 1220 807 1251 seu
832 1205 976 1252 rubra
995 1204 1232 1251 Canicula
1256 1203 1406 1251 findet

139 1287 355 1335 Infantes
380 1297 574 1345 statuas,
601 1305 686 1336 seu
710 1289 879 1352 pingui
904 1298 1064 1336 tentus
1089 1304 1253 1336 omaso
1618 1286 1684 1335 40

138 1371 314 1419 Furius
338 1372 565 1420 hibernas
589 1373 710 1420 cana
734 1373 843 1420 nive
869 1382 1102 1436 conspuet
1122 1373 1286 1436 Alpes.

136 1461 164 1481 “
181 1455 359 1503 Nonne
384 1457 567 1516 vides,”
594 1457 763 1519 aliquis
788 1457 952 1504 cubito
977 1465 1181 1504 stantem
1204 1455 1352 1520 propt}
1375 1464 1581 1520 tangens

135 1540 343 1602 Inquiet,
368 1545 464 1587 “ut
486 1541 673 1603 patiens
695 1539 704 1587 !
743 1549 796 1588 ut
820 1541 986 1588 amicis
1011 1540 1176 1604 aptus!
1214 1549 1268 1588 ut
1292 1556 1402 1589 acer
1423 1540 1433 1587 Ξ
1454 1540 1483 1562 ”

138 1624 304 1672 Plures
328 1625 576 1672 annabunt
598 1625 789 1682 thunni‚
816 1634 864 1673 et
888 1625 1067 1672 cetaria
1090 1634 1325 1673 crescent.

136 1708 190 1756 Si
214 1708 293 1756 cui
316 1717 545 1772 praeterea
568 1710 751 1756 validus
775 1708 900 1757 male
926 1710 1051 1757 filius
1076 1710 1126 1757 in
1150 1727 1202 1758 re
1615 1711 1681 1758 45

137 1793 371 1841 Praeclara
394 1794 608 1841 sublatus
632 1794 783 1842 aletur
804 1811 817 1852 3
855 1811 916 1842 ne
940 1795 1250 1843 manifestum

137 1878 332 1925 Caelibis
356 1878 636 1940 obsequium
661 1880 812 1926 nudet
836 1888 900 1936 te,
925 1880 1097 1927 leniter
1121 1880 1171 1926 in
1197 1894 1330 1942 spem

138 1963 323 2025 Arrepe
347 1963 599 2022 officiosus,
625 1971 679 2010 ut
701 1971 750 2010 et
774 1963 984 2010 scribare
1009 1964 1252 2010 secundus

137 2046 321 2105 Haeres,
347 2054 410 2102 et,
436 2046 475 2092 si
500 2046 606 2107 quis
629 2063 769 2093 casus
792 2063 994 2108 puerum
1019 2047 1171 2109 egerit
1203 2047 1348 2106 Orco,

135 2129 193 2176 In
218 2145 422 2176 vacuum
445 2129 609 2176 venias
634 2146 645 2176 ε
680 2129 875 2192 perraro
901 2130 1006 2176 haec
1030 2130 1134 2177 alea
1159 2129 1292 2177 fallit.
1612 2131 1679 2179 50

134 2213 238 2264 Qui
263 2222 601 2260 testamentum
625 2213 780 2260 tradet
803 2213 889 2260 tibi
914 2230 1104 2277 cunque
1136 2214 1412 2278 legendum,

136 2298 367 2344 Abnuere
391 2306 439 2344 et
463 2297 648 2344 tabulas
673 2313 700 2344 a
722 2306 769 2344 te
793 2314 1036 2345 removere
1061 2308 1303 2347 memento
1324 2315 1336 2347 :
1383 2357 1387 2361 .

137 2383 221 2429 Sic
246 2390 406 2429 tamen
430 2393 483 2429 ut
505 2382 632 2429 limis
655 2382 814 2445 rapias
838 2383 952 2445 quid
974 2383 1128 2447 prima
1151 2385 1365 2433 secundo

140 2466 267 2514 Cera
290 2467 403 2514 velit
426 2483 564 2514 versu
586 2483 599 2524 ;
637 2467 765 2514 solus
789 2468 1014 2515 multisne
1038 2469 1266 2526 cohaeres,

137 2551 307 2598 Veloci
331 2567 556 2614 percurre
580 2552 735 2599 oculo.
804 2552 1091 2616 Plerumque
1115 2562 1336 2602 recoctus
1613 2553 1680 2602 55

137 2631 308 2679 Scriba
331 2648 391 2679 ex
413 2632 748 2695 Quinqueviro
772 2649 967 2681 corvum
991 2635 1186 2682 deludet
1209 2635 1437 2695 hiantem,

135 2714 456 2779 Captatorque
480 2717 612 2764 dabit
635 2717 760 2765 risus
783 2717 966 2765 Nasica
990 2718 1196 2767 Corano.

768 2813 982 2844 ULYSSES.

133 2868 266 2918 Num
291 2870 406 2919 furis
426 2873 445 2918 Ἰ
485 2888 545 2920 an
568 2873 779 2935 prudens
802 2873 929 2922 ludis
953 2890 1032 2923 me
1055 2874 1261 2923 obscura
1284 2874 1545 2924 canendo?

532 2953 624 3003 15*
