1894 3188
688 66 1016 107 SATIRARUM
1042 65 1148 105 LIB.
1180 65 1212 103 Ι.
1656 66 1753 116 135
1775 27 1783 38 ⁸

218 194 701 257 Muraena-praebente
726 194 936 248 domum,
962 191 1196 254 Capitone
1229 189 1453 237 culinam.

285 279 481 327 Postera
505 278 586 327 lux
607 276 756 324 oritur
782 275 930 323 multo
955 274 1258 339 gratissima:
1296 289 1500 336 namque

217 363 398 410 Plotius
422 371 470 411 et.
492 361 667 409 Varius
692 360 934 407 Sinuessae
965 359 1283 422 Virgiliusque
1691 356 1757 404 40

214 446 522 503 Occurrunt3
561 444 747 502 animae,
772 444 936 506 quales
960 459 1113 505 neque
1138 442 1440 489 candidiores

217 529 373 577 Terra
395 529 517 585 tulit,
543 544 698 591 neque
722 528 857 589 queis
882 543 957 573 me
982 527 1044 574 sit
1067 525 1330 573 devinctior
1356 525 1487 572 alter.

213 613 260 661 O
283 614 363 676 qui
388 613 662 675 complexus
685 620 734 659 et
756 612 932 674 gaudia
955 619 1132 674 quanta
1156 610 1348 657 fuerunt
1371 608 1379 655 !

217 697 299 744 Nil
323 714 413 760 ego
437 696 718 744 contulerim
740 695 957 759 jucundo
981 711 1126 742 sanus
1146 694 1318 741 amico.

218 781 438 828 Proxima
463 781 711 843 Campano
730 779 862 842 ponti
886 795 989 841 quae
1015 778 1176 825 villula
1200 787 1379 825 tectum
1690 773 1756 821 45

216 866 440 921 Praebuit,
466 874 512 912 et
536 865 747 928 parochi,
774 880 878 926 quae
904 864 1096 919 debent,
1123 863 1254 925 ligna
1278 862 1535 923 salemque.

217 950 349 997 Hinc
374 949 488 995 muli
515 950 696 1011 Capuae
722 948 924 998 clitellas
948 956 1158 1010 tempore
1184 954 1380 1009 ponunt.

215 1034 396 1080 Lusum
423 1034 457 1080 it
482 1033 756 1096 Maecenas3
794 1032 1049 1079 dormitum
1075 1047 1165 1093 ego
1189 1030 1514 1093 Virgiliusque
1537 1044 1547 1076 ε

215 1117 437 1180 Namque
461 1117 554 1180 pila
579 1116 719 1179 lippis
743 1116 993 1163 inimicum
1020 1125 1067 1163 et
1090 1116 1254 1162 ludere
1280 1113 1456 1167 crudis.

281 1201 414 1248 Hinc
438 1218 524 1248 nos
549 1200 747 1248 Cocceii
772 1200 941 1262 recipit
963 1199 1241 1262 plenissima
1266 1199 1388 1257 villa,
1694 1197 1760 1244 50

212 1285 340 1336 Quae
365 1301 505 1347 super
529 1293 601 1340 est
626 1284 783 1333 Caudi
807 1269 1114 1346 cauponaslffl
1134 1284 1284 1330 Nunc
1309 1282 1426 1329 mihi
1449 1281 1617 1345 paucis

215 1369 457 1417 Sarmenti
482 1385 657 1416 scurrae
682 1385 894 1431 pugnam
919 1367 1164 1429 Messique
1190 1367 1379 1425 Cicirri,

212 1453 373 1509 Musa,
399 1453 540 1500 velim
559 1467 829 1508 memores3
866 1461 913 1498 et
937 1468 1030 1514 quo
1054 1461 1187 1514 patre
1212 1460 1353 1498 natus
1378 1458 1577 1513 uterque

212 1537 482 1584 Contulerit
505 1536 627 1583 lites.
700 1534 853 1584 Messi
879 1535 1061 1582 clarum
1087 1552 1240 1598 genus
1264 1535 1412 1593 Osci3

212 1621 454 1669 Sarmenti
479 1620 672 1667 domina
696 1628 866 1667 exstat.
938 1620 1017 1666 Ab
1043 1620 1116 1666 his
1141 1620 1400 1683 majoribus
1424 1619 1515 1669 orti
1693 1618 1758 1667 55

213 1706 291 1754 Ad
316 1722 527 1769 pugnam
550 1703 740 1752 venere.
812 1704 946 1752 Prior
972 1705 1253 1752 Sarmentus
1276 1721 1285 1752 :
1326 1710 1352 1730 “
1373 1704 1498 1767 Equi
1522 1714 1570 1752 te

213 1790 332 1839 Esse
359 1789 444 1837 seri
468 1789 672 1837 similem
697 1789 856 1837 dico.”
925 1788 1193 1837 Ridemus:
1232 1798 1280 1836 et
1304 1789 1404 1852 ipse

213 1873 441 1928 Messius,
468 1878 497 1902 ‘⁶
518 1873 718 1936 Accipio
737 1874 764 1895 '’
784 1890 795 1931 3
835 1882 979 1935 caput
1002 1881 1051 1920 et
1073 1881 1246 1921 movet.
1320 1879 1344 1898 “
1367 1873 1414 1920 O
1438 1881 1520 1920 tua
1539 1888 1690 1921 cornu

214 1958 280 2005 Ni
307 1957 424 2004 foret
446 1966 639 2004 exsecto
664 1957 844 2012 fronS‚”
868 1957 1036 2019 inquit,
1065 1965 1094 1986 ‘⁶
1116 1957 1229 2018 quid
1256 1957 1451 2017 faceres,
1477 1973 1624 2020 quum

213 2043 296 2089 Sic
323 2041 515 2088 mutilus
539 2040 808 2087 minitaris?
827 2041 853 2062 ”
893 2042 959 2088 At
984 2041 1050 2087 illi
1077 2041 1202 2087 foeda
1225 2041 1426 2088 cicatrix
1691 2041 1756 2088 60

213 2127 428 2173 Setosam
454 2125 558 2171 laevi
583 2124 785 2172 frontem
810 2132 1079 2186 turpaverat
1102 2125 1211 2171 oris.

211 2210 511 2271 Campanum
537 2208 585 2255 in
611 2208 845 2264 morbum,
872 2208 920 2255 in
947 2208 1118 2255 faciem
1143 2209 1377 2271 permulta
1396 2209 1601 2273 jocatUS,

211 2294 452 2341 Pastorem
479 2293 671 2339 saltaret
695 2289 763 2339 uti
789 2292 1002 2354 Cyclopa
1026 2293 1250 2355 rogabat:

211 2379 292 2425 Nil
320 2378 387 2425 illi
412 2378 537 2424 larva
562 2387 646 2424 aut
670 2376 864 2439 tragicis
887 2393 1005 2439 opus
1029 2393 1133 2424 esse
1159 2378 1421 2425 cothurnis.

214 2462 372 2509 Multa
396 2461 611 2508 Cicirrus
636 2462 695 2508 ad
722 2462 824 2508 haec
845 2478 856 2507 ε
893 2462 1120 2509 donasset
1137 2462 1301 2525 jamne
1330 2471 1552 2511 catenam
1687 2464 1755 2511 65

209 2546 284 2593 Ex
308 2555 414 2592 voto
438 2545 655 2604 LaribUS,
681 2546 949 2607 quaerebat:
987 2547 1145 2593 scriba
1168 2545 1295 2609 quod
1320 2557 1461 2608 esset,

209 2629 434 2676 Deterius
458 2629 607 2675 nihilo
633 2611 836 2676 dominae
857 2629 935 2692 jus
959 2647 1077 2678 esse.
1148 2631 1375 2694 Rogabat

209 2712 430 2775 Denique
456 2729 541 2760 cur
566 2730 774 2776 unquam
800 2714 1014 2776 fugisset,
1041 2715 1119 2762 cui
1145 2714 1260 2762 satis
1285 2733 1385 2764 una

208 2797 369 2845 Farris
392 2797 512 2844 libra
537 2798 668 2856 foret,
693 2797 860 2860 gracili
886 2797 955 2844 sic
975 2807 1165 2861 tamque
1189 2801 1375 2862 pusillo.

208 2881 406 2930 Prorsus
425 2880 640 2943 jucunde
667 2898 854 2929 coenam
879 2883 1190 2944 produximus
1215 2885 1360 2933 illam.
1686 2888 1750 2936 '70

272 2965 543 3015 Tendimus
577 2966 690 3014 hinc
728 2966 857 3013 recta
881 2966 1226 3028 Beneventum,
1252 2969 1334 3017 ubi
1359 2970 1554 3019 sedulus
1579 2971 1750 3035 hospes
