1894 3188
215 142 313 190 156
609 195 611 198 .
658 196 679 202 Μ
743 138 1062 186 Q.HORAT11
1091 111 1297 179 FLAccr

277 264 406 315 Quae
431 265 631 328 simplex
652 265 766 313 olim
789 264 876 312 tibi
900 266 1090 313 sederit.
1158 267 1226 313 At
1249 265 1389 314 simul
1414 267 1531 314 assis

276 349 537 396 Miscueris
560 333 700 408 elixa,
725 349 866 396 simul
891 350 1143 412 conchylia
1167 351 1318 397 turdis
1339 367 1349 408 3

215 436 227 447 '
277 433 453 502 Dulcia
475 449 527 480 se
550 433 600 480 in
625 434 768 481 bilem
793 441 993 490 vertent,
1019 435 1356 496 stomachoque
1380 434 1635 483 tumultum

276 504 431 564 Lenta
454 517 573 565 seret
594 517 778 581 pituita.
847 518 998 565 Vides
1022 527 1073 566 ut
1095 519 1300 582 pallidus
1322 520 1477 566 omnis
1743 523 1806 568 75

274 602 426 648 Coena
449 603 675 666 desurgat
698 586 875 649 (1υῦἰᾶξῖ
910 585 1048 654 Quin
1073 620 1246 666 corpus
1270 613 1496 651 onustum

274 685 526 733 Hesternis
548 687 674 734 vitiis
698 687 910 734 animum
933 704 1118 750 quoque
1141 697 1401 751 praegravat
1425 689 1535 747 unzi,

275 767 443 833 Atque
458 770 623 834 affligit
646 772 791 818 humo
814 771 986 818 divinae
1009 771 1293 834 particulam
1321 788 1463 819 aurae.

275 857 427 912 Alter,
450 856 534 903 ubi
553 856 681 903 dicto
703 855 843 903 citius
867 864 1035 903 curata
1058 856 1213 918 sopori

272 941 496 988 Membra
516 939 663 996 dedit,
688 948 884 1002 vegetus
906 940 1182 1002 praescripta
1203 941 1263 987 ad
1287 941 1451 987 munia
1474 941 1639 1004 surgit.
1739 943 1803 989 80

271 1024 369 1073 Hic
390 1033 550 1090 tamen
570 1025 629 1071 ad
652 1023 823 1070 melius
845 1024 1016 1087 poterit
1039 1033 1361 1072 transcurrere
1384 1025 1623 1086 quondam
1644 1043 1654 1071 :

272 1110 385 1157 Sive
405 1109 532 1156 diem
557 1109 728 1156 festum
753 1108 943 1156 rediens
967 1110 1217 1156 adduxerit
1242 1125 1423 1168 annus3

271 1194 369 1241 Seu
391 1209 608 1241 recreare
631 1193 756 1240 volet
778 1201 1027 1240 tenuatum
1051 1209 1223 1257 corpus
1243 1210 1256 1251 ς
1293 1194 1467 1256 ubique

269 1278 516 1325 Accedent
539 1277 668 1337 anni,
693 1285 742 1324 et
759 1277 951 1324 tractari
976 1277 1162 1325 mollius
1187 1287 1300 1325 aetas
1714 1342 1717 1344 -

268 1361 516 1409 Imbecilla
539 1361 676 1409 volet.
744 1361 861 1409 Tibi
885 1361 1115 1424 quidnam
1141 1363 1340 1409 accedet
1364 1363 1423 1410 ad
1448 1362 1586 1410 istam
1733 1363 1797 1409 85

263 1447 430 1498 Quam
453 1463 570 1509 puer
593 1455 642 1493 et
664 1446 846 1493 validus
869 1448 1117 1509 praesumis
1142 1446 1405 1503 mollitiem,
1431 1463 1515 1494 seu

267 1531 405 1578 Dura
427 1531 646 1578 valetudo
668 1530 907 1587 inciderit,
932 1547 1017 1578 seu
1041 1532 1176 1578 tarda
1198 1539 1420 1578 senectus
1440 1532 1459 1576 ’ἒ

332 1615 612 1662 Rancidum
637 1631 801 1677 aprum
821 1615 1002 1676 antiqui
1025 1615 1309 1661 laudabant:
1347 1631 1442 1662 non
1467 1614 1578 1676 quia
1602 1630 1746 1662 nasus

266 1699 368 1746 Illis
393 1699 550 1746 nullus
573 1707 687 1757 erat,
713 1699 814 1753 sed,
840 1699 997 1758 credo,
1024 1699 1115 1745 hac
1139 1707 1312 1757 mente,
1328 1696 1464 1760 vquod
1490 1699 1661 1761 hospes

265 1782 474 1831 Tardius
493 1783 749 1830 adveniens
771 1782 986 1829 vitiatum
1012 1782 1321 1838 commodius,
1347 1781 1487 1844 quam
1729 1785 1794 1830 90

263 1867 511 1931 Integrum
535 1867 657 1914 edax
691 1867 926 1925 dominus,
952 1874 1266 1913 consumeret.
1337 1866 1439 1913 Hos
1463 1866 1644 1914 utinam
1669 1867 1792 1914 inter

263 1952 449 2000 Heroas
465 1960 636 2022 ‚na-tum
659 1950 799 1997 tellus
825 1966 900 1997 me
922 1950 1074 2013 prima
1097 1950 1281 1997 tulisset
1303 1948 1312 1995 Ι

260 2037 361 2083 Das
385 2030 560 2098 aliquid
585 2035 739 2091 famae,
765 2050 868 2097 quae
893 2034 1105 2081 carmina
1128 2034 1302 2097 gratior
1323 2049 1486 2081 aurem

261 2120 483 2183 Occupat
506 2120 765 2166 humanam
787 2120 805 2164 ’Ξ
875 2118 1093 2165 Grandes
1115 2117 1300 2164 rhombi
1323 2117 1594 2180 patinoeque

260 2204 453 2251 Grande
479 2203 636 2249 ferunt
653 2203 747 2249 una
771 2218 881 2249 cum
906 2202 1082 2248 damno
1101 2202 1337 2248 dedecus:
1374 2201 1496 2248 adde
1725 2203 1789 2248 95

261 2288 440 2334 Iratum
464 2299 700 2349 patruum,
726 2285 921 2344 vicinos,
946 2295 992 2332 te
1017 2285 1101 2332 tibi
1127 2285 1358 2346 iniquum,

260 2372 323 2419 Et
347 2369 519 2418 frustra
542 2370 705 2417 mortis
729 2370 971 2432 cupidum,
996 2386 1140 2432 quum
1161 2369 1311 2416 deerit
1334 2369 1495 2431 egenti

255 2457 343 2512 As,
363 2455 518 2517 laquei
540 2454 757 2518 pretium.
829 2463 859 2484 ‘⁴
875 2454 1043 2510 Jure,’'
1064 2454 1227 2516 inquit,
1255 2462 1285 2482 ‘⁶
1306 2453 1540 2500 Trausius
1555 2453 1657 2500 istis

256 2540 285 2585 J
290 2548 481 2602 urgatur
505 2538 659 2585 verbis
681 2554 689 2584 :
726 2554 815 2601 ego
834 2539 1083 2601 vectigalia
1107 2553 1283 2599 magna

255 2622 549 2684 Divitiasque
574 2622 725 2669 habeo
743 2622 893 2669 tribus
917 2623 1095 2684 amplas
1119 2621 1360 2684 regibus.'’
1429 2621 1573 2684 Ergo,
1691 2622 1784 2668 100

252 2706 400 2756 Quod
425 2715 626 2768 superat,
653 2722 749 2753 non
773 2716 846 2752 est
870 2705 1037 2753 melitis
1060 2704 1151 2768 quo
1176 2705 1417 2751 insumere
1441 2704 1626 2767 possis?

252 2789 352 2836 Cur
376 2798 485 2852 eget
508 2790 733 2852 indignus
757 2790 1018 2852 quisquam,
1044 2799 1090 2836 te
1115 2789 1296 2836 divite?
1331 2787 1497 2838 Quare

252 2872 459 2935 Templa
482 2881 626 2919 ruunt
649 2873 841 2935 antiqua
864 2874 1005 2920 deum
1030 2875 1047 2919 ’ἔ
1083 2873 1198 2928 Cur,
1225 2872 1451 2934 improbe,
1477 2887 1599 2919 carae

253 2955 366 3002 Non
392 2955 568 3017 aliquid
592 2957 754 3018 patriae
779 2965 911 3003 tanto
935 2956 1144 3003 emetiris
1170 2957 1373 3003 acervo?

251 3038 346 3086 Uni
370 3038 593 3085 nimirum
617 3039 703 3085 tibi
728 3038 856 3086 recte
882 3056 1067 3102 semper
1091 3048 1230 3086 erunt
1253 3040 1363 3086 res?
1457 3046 1465 3103 ζ
1507 3071 1529 3100 4
1691 3039 1784 3086 105
