1894 3188
719 61 1033 104 CARMINUM
1058 65 1164 107 LIB.
1196 68 1230 107 Ι.

802 273 941 321 ODE
977 275 1117 323 XIV.

815 458 1104 492 PALINODIA.

421 604 469 651 Ο
493 621 664 654 MATRE
689 609 888 671 pulchra
912 612 1009 660 filia
1031 614 1291 676 pulchrior,

416 688 581 739 Quem
605 693 874 742 criminosis
898 713 1088 760 cunque
1113 701 1241 748 voles
1265 702 1458 751 modum

480 774 635 823 Pones
659 777 858 837 iambis3
895 782 994 829 sive
1014 783 1217 845 flamma,

546 860 656 907 Sive
682 864 800 910 mari
824 865 939 925 libet
964 867 1226 917 Hadriano.

413 941 525 990 Non
550 943 870 1010 Dindymene,
897 967 993 998 non
1020 954 1174 1015 adytis
1197 957 1348 1017 quatit

414 1027 626 1076 Mentem
651 1034 951 1082 sacerdotum
977 1036 1134 1084 incola
1157 1038 1372 1102 Pythius,

472 1110 586 1159 Non
611 1113 755 1162 Liber
775 1117 926 1179 aeque,
953 1136 1049 1168 non
1085 1132 1230 1171 acuta

538 1196 622 1244 Sic
644 1201 892 1266 geminant
916 1203 1214 1267 Corybantes
1239 1226 1349 1267 aera,

405 1277 591 1326 Tristes
615 1290 667 1328 ut
691 1283 773 1329 irae
795 1301 806 1330 ε
843 1302 959 1347 quas
983 1305 1138 1352 neque
1164 1292 1374 1342 Noricus

401 1361 623 1412 Deterret
647 1367 788 1427 ensis,
801 1347 907 1418 ⁴nec
931 1388 1061 1420 mare
1087 1376 1388 1440 naufragum,

462 1447 572 1495 Nec
593 1465 744 1499 saevus
769 1453 909 1516 ignis,
936 1473 1028 1504 nec
1053 1462 1303 1510 tremendo

526 1532 712 1596 Jupiter
736 1536 837 1609 ipse
861 1555 1006 1587 ruens
1030 1544 1250 1593 tumultu.

395 1614 567 1664 Fertur
592 1618 905 1670 Prometheus
931 1626 1106 1674 addere
1139 1629 1344 1694 principi

394 1697 534 1747 Limo
558 1711 757 1751 coactus
780 1708 1063 1768 particulam
1088 1713 1300 1776 undique

459 1783 732 1848 Desectam,
759 1798 806 1836 et
830 1790 986 1840 insani
1011 1794 1164 1842 leonis

517 1869 630 1917 Vim
654 1877 903 1924 stomacho
926 1881 1202 1942 apposuisse
1226 1893 1400 1932 nostro.

390 1950 481 1998 Irae
507 1952 755 2016 Thyesten
773 1952 920 2009 exitio
943 1965 1078 2025 gravi

387 2036 611 2085 Stravere
632 2057 643 2098 3
681 2051 729 2088 et
751 2044 859 2091 altis
892 2048 1088 2095 urbibus
1113 2050 1292 2097 ultimae

450 2122 638 2170 Stetere
664 2142 821 2174 causae
847 2146 932 2176 cur
955 2133 1165 2193 perirent

511 2205 764 2268 Funditus,
791 2210 1177 2279 imprimeretque
1201 2221 1350 2268 muris

384 2286 571 2336 Hostile
595 2301 801 2341 aratrum
826 2299 1065 2346 exercitus
1089 2301 1314 2353 insolens.

378 2369 646 2435 Compesce
671 2387 896 2428 mentem.
967 2383 1053 2431 Me
1077 2403 1264 2450 quoque
1287 2394 1494 2454 pectoris

445 2455 675 2507 Tentavit
698 2462 746 2509 in
772 2464 902 2513 dulci
933 2454 1130 2530 juventa

508 2541 699 2605 Fervor,
725 2556 773 2595 et
797 2548 846 2596 in
872 2552 1053 2600 celeres
1077 2555 1261 2606 iambos

376 2623 511 2672 Misit
536 2626 772 2679 furentem
793 2649 804 2679 ι
842 2650 972 2683 nunc
997 2654 1087 2701 ego
1111 2641 1306 2691 mitibus

375 2707 566 2757 Mutare
601 2728 760 2774 quaero
784 2717 951 2776 tristia,
978 2722 1091 2771 dum
1116 2725 1235 2774 mihi

436 2792 550 2840 Fias
573 2801 830 2848 recantatis
856 2804 1011 2852 amica

496 2877 792 2944 Opprobriis,
819 2887 1126 2954 animumque
1151 2896 1338 2945 reddas.

1497 238 1502 245 =
1546 236 1551 245 ¹
1611 237 1618 253 a

1311 269 1345 293 1,(
1370 244 1412 315 ¹⁸(
1529 253 1546 296 ,l
1607 262 1615 307 ἐξ

1387 382 1470 415 nst.

1707 73 1773 138 ¹15

1725 966 1757 1010 tw

1689 1386 1749 1432 10

1680 1807 1740 1854 15

1664 2230 1729 2276 2ss

1655 2655 1718 2701 25
