1894 3188
177 122 278 172 182
729 118 780 165 Q.
810 117 1053 158 HORATII
1082 119 1290 160 FLACCI

235 243 321 294 Nil
346 243 535 301 servile,
561 243 686 307 gulae
711 261 902 308 parens,
929 245 1111 293 habet?
1149 246 1307 307 Adde,
1333 246 1462 310 quod
1487 248 1614 297 idem
1727 250 1794 299 85

235 329 351 378 Non
375 328 543 377 horam
567 337 733 376 tecum·
755 345 861 376 esse
885 338 1020 392 potes
1042 347 1055 388 ς
1093 347 1190 378 non
1215 332 1314 380 otia
1337 331 1480 380 recte

235 414 423 463 Ponere
443 431 455 473 3
492 422 633 477 teque
658 414 816 477 ipsum
841 414 977 475 vitaS,
1007 415 1236 478 fugitivus
1261 426 1314 464 ut
1337 434 1457 478 erro,

235 498 347 546 Jam
371 498 483 546 vino
506 515 742 561 quaerenS‚
765 499 864 562 jam
889 516 1074 557 somno,
1103 501 1266 550 fallere
1291 519 1486 549 curam:

236 582 468 642 Frustra;
506 599 619 631 nam
644 599 806 631 comes
831 592 933 631 atra
955 585 1128 647 premit
1152 586 1459 648 sequiturque
1485 587 1726 652 fugacem.

850 680 1105 708 HORATIUS.

236 737 379 787 Unde
402 738 521 786 mihi
549 738 758 802 lapidem
779 741 798 786 Ἰ

898 836 1068 863 DAVUS.

867 894 1118 945 Quorsum
1144 905 1217 944 est
1239 913 1359 960 opus
1380 900 1397 944 ’ἒ

850 991 1105 1018 HORATIUS.

1387 1052 1529 1100 Unde
1554 1053 1788 1117 sagittas?

892 1149 1059 1176 DAVUS.

238 1207 341 1254 Aut
364 1205 545 1253 insanit
568 1206 727 1264 homo,
755 1217 837 1255 aut
860 1224 1025 1255 versus
1051 1208 1179 1256 facit.

853 1305 1109 1332 HORATIUS.

1263 1363 1414 1411 Ocius
1439 1364 1554 1411 hinc
1576 1372 1624 1410 te
1725 1365 1787 1411 91

237 1443 305 1494 Ni
329 1446 469 1509 rapis,
495 1448 701 1494 accedes
725 1464 871 1510 opera
895 1464 1009 1512 agro
1034 1464 1162 1496 nona
1188 1448 1384 1495 Sabino.

688 1535 714 1543 ᾳ

759 1849 1023 1896 SATIRA
1060 1849 1204 1896 VIII.

850 1995 1106 2021 HORATIUS.

238 2056 316 2105 U'r
340 2063 387 2102 te
413 2053 667 2103 Nasidieni
688 2053 811 2116 juvit
834 2069 977 2100 coena
1000 2054 1127 2100 beati
1150 2052 1159 2099 ἒ

238 2140 368 2189 Nam
387 2139 522 2195 mihi,
548 2137 781 2200 quaerenti
806 2138 1069 2197 convivam,
1096 2138 1255 2186 dictus
1280 2138 1394 2186 here
1421 2140 1518 2188 illic

239 2225 316 2273 De
340 2223 500 2272 medio
524 2231 688 2286 potare
714 2222 807 2269 die.

831 2319 1121 2347 FUNDANIUS.

906 2377 1004 2434 Sic,
1031 2388 1084 2426 ut
1108 2379 1226 2426 mihi
1250 2395 1490 2442 nunquam

243 2463 304 2519 In
327 2462 423 2510 vita
447 2459 589 2509 fuerit
612 2459 795 2508 melius.

858 2557 1112 2586 HORATIUS.

905 2618 1000 2675 Da,
1026 2619 1066 2665 si
1090 2634 1232 2681 grave
1256 2635 1353 2666 non
1378 2628 1462 2678 est5

244 2702 373 2754 Quae
396 2701 550 2765 prima
572 2701 746 2749 iratum
771 2710 986 2748 ventrem
1010 2702 1269 2764 placaverit
1295 2719 1423 2750 esca.
1762 2704 1794 2749 5

843 2796 1132 2825 FUNDANIUS.

245 2856 306 2904 In
328 2856 494 2919 primis
518 2856 749 2904 Lucanus
773 2873 914 2919 aper:
950 2857 1048 2904 leni
1074 2857 1163 2904 fuit
1187 2857 1366 2904 Austro

245 2940 445 3003 Captus,
470 2948 523 2987 ut
547 2941 704 2988 aiebat
727 2957 877 2989 coenae
901 2949 1050 3003 pater.
1122 2940 1272 2988 Acria
1297 2939 1477 2988 circum

245 3022 453 3087 Rapula,
478 3023 697 3082 lactucae,
723 3025 925 3084 radices,
952 3024 1110 3086 qualia
1132 3024 1309 3072 lassum
