1894 3188
712 129 760 175 Q.
789 127 1027 167 HORATII
1054 127 1260 168 FLACCI

443 255 522 303 Sis
545 253 661 301 licet
686 253 801 301 felix
824 253 1098 316 ubicunque
1122 254 1287 311 mavis,

441 339 506 388 Et
529 355 709 386 memor
735 338 898 398 nostri,
926 338 1142 398 Galatea,
1167 339 1295 386 vivas
1316 356 1328 385 ε

442 423 614 486 Teque
638 439 730 470 nec
752 423 897 471 laevus
921 431 1048 470 vetet
1071 423 1138 470 ire
1169 422 1323 485 picus,

835 506 946 555 Nec
970 523 1094 570 vaga
1118 507 1298 554 cornix.

441 592 539 640 Sed
563 592 696 639 vides
719 600 896 654 quanto
920 591 1124 654 trepidet
1147 591 1355 639 tumultu

441 676 626 725 Pronus
650 676 816 724 Orion.
889 675 994 740 Ego
1018 676 1131 738 quid
1155 676 1215 722 sit
1239 684 1339 722 ater

442 759 639 808 Hadriae
663 759 774 808 novi
799 760 932 808 sinus
956 768 1004 807 et
1027 760 1140 822 quid
1165 760 1299 807 albus

833 845 1011 892 Peccet
1035 844 1199 907 Iapyx.

440 927 666 977 Hostium
689 945 860 977 uxores
883 929 1111 992 puerique
1136 944 1290 976 caecos

439 1013 664 1061 Sentiant
687 1021 842 1060 motus
866 1013 1063 1060 orientis
1088 1012 1269 1071 Austri,
1296 1020 1344 1058 et

439 1097 663 1160 AEquoris
687 1097 812 1160 nigri
837 1097 1096 1153 fremitum,
1122 1105 1169 1143 et
1192 1104 1451 1144 trementes

831 1181 1044 1228 Verbere
1065 1181 1191 1243 ripas
1215 1180 1224 1227 ἱ

440 1266 524 1314 Sic
548 1275 596 1313 et
619 1266 809 1328 Europe
834 1265 1027 1312 niveum
1051 1266 1213 1313 doloso

438 1350 661 1398 Credidit
683 1359 819 1397 tauro
843 1350 982 1405 latus,
1009 1358 1057 1397 et
1081 1358 1348 1397 scatentem

437 1433 618 1482 Belluis
641 1442 842 1496 pontum
865 1433 1142 1495 mediasque
1168 1434 1357 1480 fraudes

604 1543 629 1549 Δ
832 1516 1008 1562 Palluit
1032 1517 1201 1563 audax.

436 1601 604 1664 Nuper
630 1601 679 1647 in
702 1600 852 1663 pratis
877 1600 1089 1646 studiosa
1113 1600 1296 1657 florum,
1322 1609 1370 1648 et

437 1685 626 1733 Debitae
651 1683 890 1746 Nymphis
914 1683 1073 1745 opifex
1097 1700 1299 1743 coronae,

437 1768 596 1817 Nocte
622 1766 848 1814 sublustri
873 1766 991 1812 nihil
1018 1775 1143 1813 astra
1165 1777 1335 1829 praeter

831 1849 967 1896 Vidit
991 1858 1038 1896 et
1062 1851 1231 1897 undas.

436 1935 564 1987 Quae
590 1934 730 1981 simul
756 1942 951 1980 centum
977 1934 1134 1997 tetigit
1156 1942 1398 1996 potentem

436 2018 641 2082 Oppidis
665 2018 860 2073 Creten,
889 2022 915 2042 “
933 2017 1092 2072 Pater,
1117 2034 1145 2064 o
1169 2018 1388 2065 relictum

358 2109 362 2113 “
437 2103 574 2151 Filiae
598 2118 791 2158 nomen,
815 2101 1109 2167 pietasque,”
1135 2102 1268 2158 dixit,

835 2191 862 2211 “
878 2187 1022 2234 Victa
1046 2186 1201 2233 furore
1220 2186 1229 2232 !

438 2271 616 2321 Unde?
652 2269 747 2333 quo
773 2270 882 2317 veni
907 2272 925 2316 'l
963 2271 1105 2318 Levis
1130 2286 1226 2317 una
1249 2286 1374 2318 mors
1397 2279 1470 2318 est

440 2355 697 2419 Virginum
722 2355 890 2417 culpae.
959 2354 1242 2417 Vigilansne
1266 2354 1396 2417 ploro

438 2440 607 2503 Turpe
632 2439 978 2486 commissum?
1015 2455 1076 2486 an
1101 2439 1225 2485 vitiis
1250 2446 1495 2486 carentem

833 2522 980 2570 Ludit
1004 2522 1162 2585 imago

438 2606 594 2662 Vana,
620 2621 724 2668 quae
748 2607 882 2667 porta
907 2605 1096 2667 fugiens
1120 2605 1301 2651 eburna

440 2690 692 2738 Somnium
716 2689 885 2736 ducit?
923 2687 1160 2735 Meliusne
1186 2689 1360 2736 fluctus

441 2773 519 2821 Ire
543 2789 625 2836 per
649 2773 816 2836 longos
841 2771 942 2831 fuit,
971 2787 1032 2818 an
1056 2780 1276 2819 recentes

837 2855 1047 2918 Carpere
1083 2855 1257 2902 flores?

443 2941 497 2989 Si
519 2940 624 3004 quis
648 2939 876 2988 infamem
900 2940 1018 2986 mihi
1043 2956 1174 2987 nunc
1193 2940 1454 3003 juvencum

445 3025 606 3074 Dedat
629 3022 784 3072 iratae!
822 3024 1033 3071 lacerare
1060 3023 1198 3081 ferro,
1224 3033 1272 3072 et

1725 425 1784 471 15

1719 844 1784 891 20

1719 1685 1783 1731 30

1718 2104 1782 2150 35

1717 2521 1782 2567 40
