1894 3188
149 95 249 142 100

684 91 736 138 Q.
765 91 1006 130 HORATII
1033 90 1241 131 FLACCI

412 215 575 282 Magis
598 218 780 266 relictis
801 235 814 276 3
851 234 966 274 non,
991 226 1045 265 ut
1071 217 1209 278 adsit,
1235 218 1382 266 auxili

608 302 791 350 Latura
814 302 922 365 plus
946 302 1278 364 praesentibus.

408 386 639 434 Libenter
666 388 758 434 hoc
785 394 833 433 et
855 402 999 434 omne
1023 386 1306 434 militabitur

609 470 800 518 Bellum
825 470 876 517 in
901 478 995 517 tuae
1021 487 1154 534 spem
1179 471 1343 534 gratiae
1365 487 1376 517 ι

409 553 524 602 Non
551 562 604 602 ut
623 554 1053 618 juvencis'illigata
1084 554 1301 617 pluribus
1697 555 1766 603 25

609 639 785 687 Aratra
812 639 1028 686 nitantur
1054 639 1176 686 meis
1197 656 1210 697 3

408 722 623 771 Pecusve
649 723 869 770 Calabris
894 732 1005 770 ante
1031 723 1164 771 sidus
1198 723 1431 770 fervidum

608 807 814 855 Lucana
838 815 992 856 mutet
1022 823 1233 871 pascua3

408 891 519 939 Nec
544 900 597 938 ut
621 892 815 955 superni
840 890 951 939 villa
975 892 1192 938 candens
1225 890 1433 938 Tusculi

605 975 795 1022 Circaea
818 983 986 1038 tangat
1009 972 1203 1022 moeriia.
1699 976 1765 1022 30

406 1056 536 1107 Sat-is
560 1057 799 1122 superque
824 1075 901 1106 me
927 1059 1204 1123 benignitas
1228 1067 1314 1106 tua

604 1143 821 1191 Ditavit:
859 1144 989 1191 haud
1014 1159 1246 1206 paravero

406 1226 556 1279 Quod
582 1237 681 1284 aut,
708 1244 880 1275 avarus
904 1236 957 1275 ut
981 1228 1232 1288 Chremes,
1253 1228 1378 1274 terra
1401 1242 1628 1289 premam,

602 1312 886 1360 Discinctus
911 1322 994 1360 aut
1018 1313 1218 1376 perdam
1242 1320 1295 1359 ut
1317 1327 1483 1374 nepos.

1569 1678 1609 1718 ,s

829 1772 971 1822 ODE
1008 1772 1076 1820 ΙΙ.
1498 1698 1593 1827 ἦ

361 1918 385 1937 “
408 1911 612 1960 BEATUS
638 1910 717 1957 ille
741 1908 821 1972 qui
844 1907 1011 1972 procul
1036 1907 1258 1971 negotiis,

637 1994 702 2041 Ut
725 1993 883 2056 prisca
906 2008 1026 2056 gens
1051 1992 1338 2053 mortalium,

407 2080 617 2127 Paterna
640 2094 751 2126 rura
776 2078 928 2125 bobus
953 2085 1149 2124 exercet
1182 2077 1298 2134 suis,

639 2162 836 2210 Solutus
860 2161 992 2209 omni
1018 2161 1215 2209 soenore.

405 2247 579 2309 Neque
604 2247 843 2294 excitatur
868 2246 1073 2293 classico
1097 2246 1236 2293 miles
1261 2245 1403 2302 truci,
1730 2246 1762 2292 5

639 2331 813 2393 Neque
839 2331 1001 2378 horret
1025 2331 1199 2378 iratum
1224 2346 1356 2378 mare
1378 2347 1389 2388 ;

409 2414 683 2477 Forumque
708 2415 840 2471 vitat,
867 2424 915 2462 et
939 2415 1144 2477 superba
1170 2414 1350 2462 civium

639 2499 970 2546 Potentiorum
994 2499 1176 2546 limina.

408 2582 538 2645 Ergo
562 2592 644 2630 aut
669 2582 830 2629 adulta
856 2582 1024 2629 vitium
1048 2581 1312 2644 propagine

640 2665 780 2712 Altas
805 2665 995 2712 maritat
1018 2665 1218 2728 populos
1239 2682 1251 2722 3
1700 2664 1760 2710 10

409 2748 706 2810 Inutilesque
732 2748 855 2795 falce
879 2763 1037 2795 ramos
1061 2756 1328 2811 amputans,

640 2831 904 2879 Feliciores
929 2831 1098 2878 inserit
1118 2848 1129 2889 ;

410 2916 512 2962 Aut
536 2915 585 2962 in
610 2916 809 2962 reducta
834 2915 954 2962 valle
980 2913 1300 2977 mugientium

641 2998 925 3061 Prospectat
948 3007 1167 3046 errantes
1191 3013 1363 3062 greges
1381 3013 1391 3055 ;
