1894 3188
194 111 292 159 158
717 104 768 150 Q.
797 76 1039 145 HORATn
1066 104 1273 146 FLAccl

792 282 1057 347 SATIRA
1094 298 1189 346 ΠΙ.

831 444 1144 471 DAMASIPPUS.

257 512 343 560 Sic
368 509 473 558 rare
497 509 680 570 scribiS‚
706 517 759 557 ut
782 517 881 557 toto
904 510 1002 557 nOn
1027 518 1195 572 quater
1220 525 1347 558 anno

253 593 591 644 Membranam
614 599 800 658 poscas,
828 594 1111 657 scriptorum
1135 610 1333 657 quaeque
1362 603 1598 656 retexens,

253 681 414 729 Iratus
437 679 525 727 tibi
549 678 676 742 qued
701 678 799 726 vini
824 679 1071 742 somnique
1096 679 1335 743 benignus

252 765 338 813 Nil
363 765 563 829 dignum
587 779 810 826 sermone
835 779 998 811 canas.
1067 763 1204 814 Quid
1229 764 1347 811 fiet'!
1370 764 1443 812 ¹ab
1468 764 1582 829 ipsis

255 848 592 897 Saturnalibus
616 848 713 895 huc
737 847 901 911 fugisti
922 864 934 905 3
971 847 1157 903 sobrius
1187 863 1302 911 ergo
1764 853 1797 898 5

254 933 349 981 Dic
374 932 551 995 aliquid
576 931 776 995 dignum
798 930 1042 994 promissis
1064 948 1074 977 :
1112 931 1288 994 incipe.
1357 931 1443 979 Nil
1467 941 1554 981 est.

256 1017 529 1081 Culpantur
554 1016 727 1064 frustra
752 1016 938 1076 calami,
965 1016 1324 1080 immeritusque
1355 1015 1537 1066 laborat

259 1102 401 1150 Iratis
425 1110 565 1150 natus
588 1101 744 1166 paries
769 1101 840 1149 dis
860 1110 999 1164 atque
1019 1101 1188 1165 poetis.

254 1187 405 1250 Atqui
428 1187 585 1234 vultus
609 1195 711 1234 erat
733 1186 883 1234 multa
907 1195 955 1233 et
977 1180 1206 1249 pr'aeclara
1229 1185 1473 1244 minantis,

255 1274 310 1320 Si
334 1288 538 1320 vacuum
562 1271 723 1334 tepido
747 1271 953 1334 cepisset
975 1271 1137 1318 villula
1155 1278 1297 1318 tecto.
1737 1273 1798 1320 10

255 1355 504 1408 Quorsum
527 1355 756 1419 pertinuit
780 1356 953 1419 stipare
979 1355 1182 1403 Platona
1206 1353 1478 1403 Menandro
1499 1371 1512 1413 3

257 1440 480 1504 Eupolin‚
507 1440 871 1499 Archilochum,
898 1439 1096 1487 comites
1121 1439 1326 1486 educere
1351 1441 1544 1487 tantos?

258 1524 497 1572 Invidiam
519 1523 711 1586 placare
734 1539 872 1586 paras
896 1523 1068 1569 virtute
1092 1522 1293 1569 relicte?

260 1606 585 1657 Contemnere
609 1606 752 1653 miser
774 1623 785 1652 z
821 1605 1014 1652 vitanda
1038 1614 1111 1652 est
1135 1605 1348 1668 improba
1372 1606 1512 1654 Siren

259 1691 460 1740 Desidia
480 1707 493 1749 3
529 1674 623 1750 aut,
649 1689 876 1752 quidquid
901 1689 996 1737 vite
1019 1689 1214 1737 meliore
1238 1690 1430 1753 praesti,
1738 1694 1798 1740 15

262 1775 545 1824 Ponendum
570 1790 704 1837 aequo
728 1774 901 1822 animo.

868 1869 1124 1898 HORATIUS.

992 1928 1057 1976 Di
1082 1938 1143 1989 te,
1170 1927 1478 1993 Damasippe‚
1504 1931 1714 1994 deaeque,

263 2016 447 2064 Verum
469 2014 531 2062 ob
555 2013 807 2062 consilium
832 2014 1012 2062 donent
1034 2012 1255 2062 tonsore!
1295 2014 1392 2062 Sed
1415 2014 1544 2062 unde

265 2099 397 2147 Tam
420 2098 543 2146 bene
567 2113 645 2145 me
669 2096 795 2145 nesti
818 2098 836 2143 'l

841 2192 1153 2221 DAMASIPPUS.

936 2257 1193 2320 Postquam
1216 2256 1371 2305 omnis
1394 2272 1469 2305 res
1492 2273 1599 2305 mea
1622 2257 1798 2306 Janum

270 2344 349 2391 Ad
373 2341 583 2390 medium
607 2341 757 2390 fracta
779 2350 867 2398 est,
892 2342 1051 2406 aliena
1074 2341 1266 2405 negotia
1289 2357 1418 2400 curo,

268 2427 515 2475 Excussus
537 2427 751 2489 propriis.
820 2426 952 2474 Olim
976 2443 1088 2474 nam
1111 2441 1322 2489 quaerere-
1345 2424 1565 2473 amabam
1736 2426 1801 2472 20

268 2512 386 2563 Quo
409 2511 537 2559 vafer
561 2510 640 2558 ille
663 2512 808 2574 pedes
832 2511 1025 2559 lavisset
1050 2510 1281 2573 Sisyphus
1301 2525 1409 2566 aere,

270 2596 408 2647 Quid
432 2595 670 2658 sculptum
693 2593 893 2655 infabre,
918 2595 1031 2657 quid
1056 2594 1213 2642 fusum
1237 2592 1403 2641 durius
1425 2602 1584 2650 esset3

271 2680 490 2728 Callidus
514 2679 628 2726 huic
652 2678 790 2742 signo
811 2680 1046 2741 ponebam
1069 2678 1222 2726 millia
1247 2686 1442 2726 centum
1462 2694 1473 2735 ;

271 2763 450 2811 Hortos
473 2763 782 2827 egregiasque
807 2751 971 2810 domos
994 2762 1251 2811 mercarier
1274 2778 1399 2809 unus

272 2846 399 2895 Cum
422 2846 555 2895 lucro
578 2845 742 2894 neram
763 2862 774 2892 ε
810 2846 938 2893 unde
963 2845 1227 2908 frequentia
1250 2843 1540 2894 Mercuriale
1735 2842 1802 2889 25

272 2930 552 2995 Imposuere
575 2930 693 2978 mihi
717 2945 984 2995 cognomen
1008 2928 1227 2993 compita.
