1894 3188
183 130 279 178 146
705 124 760 171 Q.
789 121 1030 162 HORATII
1058 121 1264 162 FLACCI

244 252 433 301 Fuscus
457 250 666 298 Aristius
688 249 912 313 occurrit,
937 249 1054 296 mihi
1078 265 1232 308 carus,
1252 256 1301 295 et
1318 248 1451 296 illum

244 336 349 389 Qui
373 335 570 400 pulchre
594 334 772 382 nosset.
843 333 1177 381 Consistimus.
1250 341 1280 363 “
1298 333 1438 392 Unde
1476 335 1646 382 venis?
1668 338 1694 357 ''
1732 346 1780 383 et

245 427 271 448 “
291 419 407 472 Quo
430 419 588 467 tendis
609 421 627 465 ’ἕ
647 419 676 440 ”
712 426 880 481 rogat3
918 427 966 464 et
988 418 1257 480 respondet.
1327 418 1518 465 Vellere
1544 419 1683 482 coepi,

243 506 308 554 Et
329 521 554 570 prensare
579 519 724 550 manu
747 501 1014 550 lentissima
1031 487 1241 560 brachia,
1267 509 1458 558 nutans,

243 591 559 652 Distorquens
582 587 760 647 oculos,
786 595 838 633 ut
856 584 932 632 me
956 585 1161 648 eriperet
1181 601 1191 630 :
1228 585 1350 632 male
1375 585 1527 632 salsus
1714 588 1779 633 65

244 675 434 723 Ridens
457 672 756 720 dissimulare
777 687 788 716 ι
825 666 984 717 meum
1004 669 1140 732 jecur
1165 685 1302 716 urere
1327 669 1449 716 bilis.

244 766 272 786 “
294 760 439 808 Certe
462 758 627 806 nescio
650 755 762 819 q‘uid
787 763 972 802 secreto
995 754 1115 801 velle
1138 754 1266 816 loqui
1291 761 1336 800 te

245 843 426 892 Aiebas
449 840 688 890 mecum.”
759 847 789 869 ‘⁶
806 838 1013 886 Memini
1037 839 1188 895 bene3
1226 839 1309 885 sed
1334 839 1516 886 meliori

245 928 486 990 Tempore
511 925 695 973 dicam:
732 923 873 970 hodie
897 922 1139 969 tricesima
1162 922 1359 969 sabbata
1380 939 1390 980 ;
1426 923 1523 970 vin'
1547 932 1598 970 tu

245 1011 408 1060 Curtis
432 1010 462 1058 J
467 1009 614 1057 udaeis
637 1007 909 1071 oppedere?
932 1006 961 1028 ”
1001 1011 1027 1031 “
1048 1005 1199 1052 Nulla
1222 1006 1386 1064 mihi‚''
1410 1007 1622 1069 inquam,
1715 1010 1780 1055 70

249 1102 277 1126 “
299 1094 512 1158 Relligio
535 1093 655 1141 est.'’
728 1100 757 1121 “
780 1090 847 1138 At
872 1092 941 1138 mi
963 1086 979 1137 ε’
1012 1106 1116 1137 sum
1139 1089 1280 1153 paulo
1306 1090 1551 1148 infirmior,
1577 1107 1703 1139 unus

246 1180 539 1228 Multorum:
577 1178 831 1242 ignoscesg
868 1173 985 1224 alias
1009 1175 1221 1237 loquar.'’
1292 1182 1322 1204 “
1346 1175 1605 1223 Hunccine
1631 1176 1777 1223 solem

247 1265 375 1313 Tam
398 1263 588 1327 nigrum
612 1276 805 1309 surrexe
829 1258 973 1306 mihi!
1013 1259 1134 1322 fugit
1156 1258 1410 1321 improbus,
1437 1275 1493 1306 ac
1517 1275 1592 1306 me

246 1349 348 1398 Sub
372 1348 524 1396 cultro
547 1345 766 1408 linquit.'’
835 1344 964 1391 Casu
989 1343 1119 1390 venit
1141 1343 1306 1390 obvius
1331 1343 1397 1390 illi

248 1432 593 1481 Adversarius:
632 1440 696 1485 et,
724 1437 753 1459 ‘⁶
774 1427 889 1479 Quo
914 1436 984 1484 tu,
1010 1427 1280 1490 turpissime
1303 1429 1321 1472 ’.ἲ
1344 1427 1372 1448 ”
1409 1429 1582 1489 magna
1717 1429 1783 1475 75

249 1517 499 1565 Exclamat
522 1530 637 1561 voce
659 1531 693 1570 ;«
706 1521 770 1569 et,
798 1518 824 1538 “
847 1511 985 1559 Licet
1009 1510 1270 1558 antestari?
1291 1510 1319 1531 ’⁹
1357 1510 1462 1573 Ego
1485 1509 1593 1556 vero

250 1598 454 1662 Oppono
478 1594 765 1642 auriculam:
803 1592 924 1654 rapit
947 1592 995 1638 in
1016 1592 1094 1654 jus
1115 1608 1127 1637 ε
1163 1591 1339 1638 clamor
1363 1591 1582 1654 utrinque
1603 1609 1613 1649 3

251 1681 471 1743 Undique
497 1693 772 1727 concursus.
843 1675 926 1722 Sic
950 1690 1026 1722 me
1050 1674 1252 1723 servavit
1276 1675 1461 1738 Apollo.

803 2096 1066 2145 SATIRA
1102 2095 1166 2142 X.

255 2254 304 2303 N
309 2269 443 2302 EMPE
470 2250 782 2313 incomposito
806 2247 904 2295 dixi
926 2247 1047 2310 pede
1071 2262 1261 2294 currere
1296 2263 1456 2295 versus

255 2338 425 2387 Lucili.
494 2334 622 2386 Quis
645 2342 741 2380 tam
765 2331 921 2379 Lucili
946 2331 1097 2379 fautor
1121 2329 1281 2393 inepte
1305 2339 1390 2390 est,

256 2423 322 2472 Ut
343 2438 440 2469 non
464 2421 555 2467 hoc
580 2417 816 2465 fateatur?
853 2416 919 2462 At
943 2415 1087 2471 idern,
1113 2413 1236 2476 quod
1260 2415 1359 2462 sale
1382 2415 1529 2462 multo

254 2504 436 2556 Urbem
460 2484 695 2560 de‘fricuitg
721 2500 885 2547 charta
908 2498 1127 2545 laudatur
1151 2498 1332 2545 eadem.

258 2589 367 2637 Nec
382 2596 542 2634 tamen
555 2586 646 2632 hoo
659 2584 871 2651 tribuens
886 2581 1097 2628 dederim
1112 2597 1294 2644 quoque
1310 2590 1482 2628 caetera
1498 2599 1509 2628 :
1535 2598 1644 2630 nam
1660 2583 1728 2630 sic
1747 2584 1779 2630 5

260 2672 325 2720 Et
348 2670 522 2719 Laberi
545 2668 730 2724 mimos,
754 2675 806 2714 ut
827 2665 1026 2729 pulchra
1045 2655 1281 2727 poemata,
1307 2665 1462 2713 mirer.

260 2755 389 2818 Ergo
413 2770 509 2800 non
533 2750 646 2799 satis
669 2759 740 2798 est
762 2750 859 2797 risu
884 2749 1109 2796 diducere
1133 2743 1304 2795 rictum

263 2837 510 2886 Auditoris
531 2853 542 2881 ε
577 2844 624 2882 et
647 2843 719 2882 est
741 2834 955 2896 quaedam
978 2841 1138 2879 tamen
1163 2832 1240 2879 hic
1264 2848 1446 2894 quoque
1471 2832 1628 2881 virtus

263 2921 353 2970 Est
375 2920 603 2969 brevitate
626 2935 757 2981 opuS,
783 2926 836 2965 ut
859 2925 1017 2964 currat
1040 2916 1289 2975 sententia,
1316 2933 1410 2964 neu
1434 2932 1484 2964 se

272 3004 503 3069 lmpediat
525 3003 677 3050 verbis
700 3002 847 3049 lassas
869 3000 1176 3071 onerantibus
1200 3015 1350 3046 aures.
1721 3003 1782 3048 10
