1894 3188
177 126 274 174 152
700 122 749 169 Q.
778 120 1016 162 HORATII
1044 121 1248 162 FLACCI

235 246 350 300 Quo
372 263 434 295 ne
457 263 541 311 per
564 262 767 295 vacuum
791 247 1015 296 Romano
1038 248 1303 297 incurreret
1327 249 1504 309 hostis;

235 333 346 380 Sive
369 331 494 395 quod
518 332 709 396 Appula
731 347 864 395 gem,
891 348 976 379 seu
999 331 1127 395 quod
1151 332 1370 381 Lucania
1392 334 1566 382 bellum

194 416 481 464 Incuteret
503 416 722 464 violenta
793 415 890 463 Sed
915 415 994 463 hic
1018 416 1167 479 stylus
1192 417 1320 464 haud
1342 390 1491 480 petet
1494 405 1616 466 ultro

232 501 523 563 Quenquam
547 495 868 558 animantem,
907 508 955 547 et
978 516 1055 547 me
1079 501 1223 548 veluti
1248 502 1484 550 custodiet
1502 503 1630 578 ensis
1697 503 1763 550 40

232 584 422 647 Vagina
444 592 599 631 tectus
619 600 630 642 3
667 599 809 646 quem
833 599 918 630 cur
944 583 1229 647 distringere
1254 601 1413 644 coner,

233 665 393 715 Tutus
416 668 476 714 ab
500 666 683 715 infestis
706 667 968 714 latronibus
988 669 1007 713 'l
1044 667 1090 714 O
1114 677 1247 730 pater
1271 677 1319 716 et
1341 685 1424 716 rex

233 747 515 815 Jupiter‚²ut
536 761 702 814 pereat
722 752 929 815 positum
953 752 1171 815 rubigine
1206 753 1370 809 telum,

233 835 342 884 Nec
365 835 612 898 quisquam
635 844 806 883 noceat
833 835 1006 898 cupido
1030 836 1149 882 mihi
1171 837 1304 899 pacis
1326 836 1334 882 !
1373 838 1434 883 At
1457 837 1536 884 ille

155 948 158 951 v
231 920 335 972 Qui
360 936 435 967 me
459 919 722 976 commorit,
748 919 779 949 “
796 918 972 967 Melius
995 935 1091 966 non
1115 928 1312 982 tangere
1335 918 1343 965 !
1368 921 1394 941 '⁷
1433 921 1605 976 clamo,
1696 921 1759 967 45

232 1004 407 1065 Flebit,
432 1012 481 1051 et
504 1003 705 1067 insignis
728 1005 825 1050 tota
848 1003 1120 1050 cantabitur
1145 1003 1276 1051 urbe.

232 1088 426 1136 Servius
449 1088 595 1135 iratus
617 1072 749 1151 leges
772 1086 1015 1133 minitatur
1039 1095 1086 1134 et
1109 1103 1279 1134 urnam
1301 1104 1311 1132 :
1527 1145 1531 1174 Ι

231 1172 438 1220 Canidia
460 1171 636 1227 Albuti,
661 1171 832 1233 quibus
855 1179 927 1218 est
950 1170 1161 1226 inimica,
1188 1187 1424 1218 venenum
1444 1178 1534 1240 ἐμὲ

230 1257 427 1304 Grande
451 1241 636 1303 malum¹
652 1255 849 1311 Turius,
875 1254 914 1301 si
939 1243 1044 1316 quis>
1066 1271 1117 1301 se
1137 1254 1299 1317 judice
1332 1243 1494 1301 certet.

155 1392 158 1395 ,
231 1341 309 1400 Ut,
334 1357 426 1403 quo
449 1339 645 1402 quisque
669 1338 806 1398 valet,
832 1347 1077 1401 suspectos
1100 1347 1286 1409 terreat,
1312 1347 1457 1400 utque
1692 1338 1760 1383 50

217 1425 439 1488 *Imperet
461 1425 553 1472 hoc
576 1432 746 1471 natura
767 1431 950 1486 potens,
978 1423 1047 1469 sic
1067 1403 1237 1486 collige
1261 1439 1482 1469 mecum:

230 1508 387 1555 Dente
410 1509 563 1571 lupus,
589 1522 737 1554 cornu
761 1518 923 1552 taurus
945 1505 1091 1567 petit3
1127 1503 1270 1564 unde,
1297 1505 1390 1551 nisi
1415 1505 1542 1551 intus

230 1592 550 1639 Monstratum
570 1591 588 1636 ‘l
626 1590 803 1637 Scaevae
827 1588 1041 1635 vivacem
1066 1589 1208 1635 crede
1233 1588 1395 1651 nepoti

231 1675 439 1722 Matrem
459 1691 470 1720 z
505 1673 572 1721 nil
597 1673 740 1740 faciet
762 1671 954 1718 sceleris
977 1671 1055 1733 pia
1078 1672 1271 1719 dextera
1292 1689 1302 1717 :
1339 1672 1510 1739 mirum
1534 1671 1544 1717 !

227 1759 292 1808 Ut
343 1774 497 1820 neque
537 1741 670 1805 calce
690 1766 692 1770 “
726 1756 864 1818 lupus
919 1752 1205 1817 quenquam,
1251 1772 1405 1818 neque
1450 1757 1591 1803 dente
1636 1758 1753 1819 petit

358 1843 473 1890 bos:
1687 1842 1754 1888 55

129 1962 137 1970 „
158 1924 160 1929 ’
228 1928 326 1975 Sed
349 1926 473 1974 mala
496 1924 625 1973 tollet
648 1939 792 1972 anum
816 1923 980 1971 vitiato
1003 1924 1142 1971 melle
1166 1905 1341 1970 cicuta.
1377 1906 1391 1911 Ἰ

227 2011 305 2059 Ne
329 2011 522 2074 longum
546 2008 718 2056 faciam
738 2024 752 2065 3
788 2023 872 2055 seu
895 2024 971 2055 me
995 2007 1246 2070 tranquilla
1269 2015 1490 2055 senectus

225 2095 503 2158 Exspectat,
529 2108 614 2140 seu
637 2107 762 2140 mors
786 2077 899 2139 atris
923 2091 1231 2139 circumvolat
1268 2091 1385 2148 alis3

226 2178 387 2237 Dives,
413 2177 581 2239 inops3
617 2176 802 2235 Romae,
828 2159 914 2222 seu>
937 2175 1030 2222 fors
1054 2175 1121 2222 ita
1139 2175 1346 2239 jusserit,
1371 2175 1502 2223 exsul
1524 2192 1538 2232 ;

225 2261 459 2324 Quisquis
481 2260 571 2308 erit
593 2260 716 2317 vitae,
741 2259 959 2318 scribam,
986 2259 1129 2307 color.

813 2371 1093 2400 TREBATIUS.

1188 2430 1234 2478 O
1256 2447 1387 2494 puer,
1413 2439 1465 2477 ut
1491 2430 1555 2476 sis
1688 2431 1752 2478 60

225 2517 395 2565 Vitalis
421 2526 595 2574 metuo,
621 2524 669 2565 et
692 2500 924 2581 majorum
948 2532 1009 2564 ne
1027 2515 1132 2578 quis
1156 2514 1340 2562 amicus

225 2595 421 2667 Frigore
444 2611 491 2650 te
517 2582 668 2650 feriat.

829 2696 1066 2724 HORATIUS
1072 2713 1081 2722 .

808 2755 981 2807 Quid?
1017 2771 1162 2818 quum
1185 2762 1257 2802 est
1279 2752 1493 2802 Lucilius
1517 2768 1660 2800 ausus

223 2838 409 2887 Primus
433 2839 482 2885 in
506 2839 637 2887 hunc
658 2840 813 2903 operis
837 2854 1120 2902 componere
1141 2825 1359 2886 *carmina
1381 2852 1576 2892 morem,

223 2921 485 2969 Detrahere
509 2931 556 2969 et
577 2923 765 2986 pellem,
791 2923 970 2971 nitidus
993 2923 1087 2985 qua
1109 2922 1307 2985 quisque
1329 2938 1412 2984 per
1436 2937 1519 2968 ora

222 3005 443 3062 Cederet,
468 3006 723 3056 introrsum
746 3007 926 3072 turpis;
962 3023 1079 3055 num
1103 3006 1293 3065 Laelius‚
1317 3014 1366 3054 et
1387 3006 1467 3068 qui
1685 3006 1747 3052 65
