1894 3188
199 130 298 179 132
719 127 768 173 Q.
799 127 1041 167 HORATII
1069 127 1275 168 FLACCI

675 208 716 261 s),
774 219 784 229 ²

260 252 304 300 E
327 253 498 315 quibus
522 269 647 300 unus
670 257 775 300 a'vet
799 253 961 315 quavis
986 268 1236 316 aspergere
1261 266 1479 313 cunctos,

260 336 437 385 Praeter
482 354 592 386 eum
638 338 718 400 qui
765 338 944 400 praebet
993 354 1161 400 aquam
1183 355 1196 395 3
1253 338 1374 401 post,
1423 341 1554 389 hunc
1607 357 1790 405 quoque

388 430 542 485 potus,

260 504 467 553 Condita
490 522 635 568 quum
659 521 801 553 verax
826 505 975 568 aperit
997 506 1259 569 praecordia
1289 506 1462 555 Liber:

257 588 355 652 Hic
379 589 463 637 tibi
488 590 637 637 comis
661 599 708 637 et
732 591 942 637 urbanus
965 591 1176 653 liberque
1201 592 1386 639 videtur

257 663 438 721 Infesto
461 674 625 737 nigris.
694 673 813 737 Ego,
840 675 879 721 si
903 674 983 721 risi
1008 673 1134 737 quod
1159 650 1348 737 ineptus
1723 679 1789 726 90

255 755 473 805 Pastillos
497 758 707 805 Rufillus
730 758 840 813 olet,
866 758 1136 820 Gorgonius
1160 758 1362 815 hircum,

255 840 451 888 Lividus
475 850 522 888 et
547 843 740 889 mordax
764 842 923 889 videor
947 842 1048 889 tibi,
1119 842 1304 890 Mentio
1328 843 1367 890 si
1392 859 1484 905 qua

253 924 329 972 De
354 926 610 989 Capitolini
635 926 769 973 furtis
794 925 970 988 injecta
993 926 1151 973 Petilli

253 1009 330 1057 Te
355 1025 514 1057 coram
540 1009 695 1066 fuerit,
721 1010 965 1067 defendas,
991 1019 1042 1057 ut
1066 1019 1175 1057 tuus
1199 1020 1270 1058 est
1294 1027 1396 1059 mos
1418 1028 1496 1059 :—

252 1091 337 1140 Me
362 1094 658 1156 Capitolinus
683 1094 954 1141 convictore
978 1110 1092 1141 usus
1116 1094 1364 1157 amicoque
1715 1097 1779 1144 95

254 1177 300 1223 A
324 1194 470 1240 puero
494 1187 581 1234 est,
608 1180 843 1240 causaque
868 1179 975 1225 mea
999 1179 1232 1241 permulta
1266 1187 1457 1242 rogatus

251 1259 418 1318 Fecit3
455 1270 503 1309 et
525 1263 776 1309 incolumis
800 1263 930 1310 laetor
954 1261 1080 1325 quod
1105 1263 1216 1309 vivit
1241 1263 1290 1310 in
1315 1264 1460 1310 urbe:

251 1345 348 1392 Sed
371 1354 530 1393 tamen
556 1347 760 1394 admiror
783 1363 874 1409 quo
896 1356 1036 1409 pacto
1055 1347 1288 1409 judicium
1313 1347 1430 1394 illud

249 1428 628 1492 Fugerit.—Hic
652 1432 799 1494 nigrae
825 1448 997 1478 succus
1021 1431 1228 1494 loliginis
1248 1449 1259 1489 3
1297 1433 1399 1478 haec
1423 1440 1497 1478 est

249 1512 434 1576 AErugo
457 1530 615 1571 mera3
651 1516 775 1575 qnod
800 1515 961 1561 vitium
987 1515 1148 1576 procul
1174 1515 1332 1561 abfore
1353 1515 1543 1574 chartiS,
1683 1516 1775 1563 100

247 1597 406 1658 Atque
431 1597 588 1644 animo
611 1598 757 1660 prius,
783 1606 849 1653 ut,
877 1581 1050 1658 siquid
1077 1598 1348 1659 promittere
1373 1599 1432 1645 de
1457 1615 1532 1645 me

246 1679 444 1728 Possum
470 1682 610 1740 aliud,
636 1680 745 1728 vere
770 1677 1004 1744 promittoss
1077 1681 1296 1728 Liberius
1321 1682 1360 1728 si

245 1763 423 1813 Dixero
441 1766 567 1827 quid7
594 1766 632 1813 si
658 1764 774 1813 forte
796 1766 1021 1828 jocosius‚
1050 1766 1140 1812 hoc
1165 1766 1280 1812 mihi
1302 1766 1420 1829 juris

245 1848 370 1896 Cum
394 1850 531 1897 venia
555 1850 688 1896 dabis
710 1866 719 1895 :
756 1849 961 1896 insuevit
983 1858 1116 1911 pater
1139 1849 1455 1911 optimus'hoc
1480 1867 1572 1907 me,

243 1932 308 1980 Ut
332 1933 557 1996 fugerem,
583 1934 810 1996 exemplis
835 1933 1051 1980 vitiorum
1078 1950 1273 1995 quaeque
1299 1936 1520 1982 notando.
1677 1937 1769 1984 105

242 2015 407 2067 Quum
434 2033 508 2064 me
534 2019 811 2073 hortaretur,
837 2016 994 2079 parce,
1022 2017 1276 2080 frugaliter,
1304 2027 1441 2080 atque

242 2101 466 2149 Viverem
493 2100 560 2149 uti
585 2111 836 2150 contentus
861 2117 917 2147 eo
941 2102 1062 2162 quod
1090 2101 1153 2147 mi
1179 2101 1278 2163 ipse
1302 2105 1548 2164 parasset.

243 2185 464 2232 “Nonne
489 2186 633 2245 vides,
660 2185 773 2233 Albi
799 2194 850 2232 ut
874 2183 995 2231 male
1023 2185 1147 2254 vivat
1167 2186 1322 2233 filius?
1359 2195 1502 2248 utque

240 2264 450 2316 Barrus
438 2286 574 2332 lnops
592 2272 610 2315 Ἰ
648 2286 870 2332 magnum
897 2251 1249 2327 documentum,
1277 2286 1336 2316 ne
1359 2271 1559 2332 patriam
1582 2285 1681 2316 rem

240 2351 444 2399 Perdere
467 2353 571 2415 quis
595 2353 754 2400 velit.''
822 2355 868 2400 A
882 2354 1019 2416 turpi
1043 2353 1306 2399 meretricis
1331 2369 1489 2400 amore
1670 2353 1763 2400 110

238 2435 405 2486 Quum
430 2437 700 2496 deterreret,
729 2442 754 2463 “
773 2438 967 2484 Sectani
992 2437 1233 2484 dissimilis
1257 2437 1369 2483 sis.'’

236 2519 314 2567 Ne
338 2536 557 2582 sequerer
581 2521 805 2576 moechas‚
831 2523 1057 2568 concessa
1080 2536 1223 2582 quum
1253 2520 1438 2566 Venere
1462 2519 1531 2566 uti

236 2601 445 2660 Possem,
474 2612 503 2633 “
524 2605 758 2667 Deprensi
783 2621 877 2651 non
903 2604 1026 2651 bella
1049 2612 1119 2650 est
1144 2603 1268 2650 fama
1291 2603 1555 2663 Treboni,''

234 2688 424 2734 Aiebat.
496 2694 523 2714 “
545 2688 761 2751 Sapiens,
788 2688 936 2735 vitatu
959 2688 1167 2750 quidque
1191 2687 1342 2749 petitu

233 2772 306 2819 Sit
331 2772 514 2828 melius,
542 2789 709 2819 causas
733 2773 899 2819 reddet
922 2772 1007 2819 tibi
1029 2789 1039 2818 :
1076 2771 1141 2818 mi
1166 2769 1279 2817 satis
1303 2780 1390 2826 est,
1418 2771 1456 2817 si
1659 2771 1753 2818 11⁵

233 2855 485 2902 Traditum
511 2857 569 2902 ab
593 2856 797 2918 antiquis
821 2872 1000 2903 morem
1025 2870 1227 2910 servare,
1253 2863 1490 2916 tuamque,

232 2938 359 2986 Dum
384 2940 593 2986 custodis
617 2956 743 3002 eges,
770 2940 911 2986 vitam
938 2941 1203 3000 famamque
1228 2938 1349 2988 tueri

229 3022 528 3072 Incolumem
552 3039 772 3086 possum:
810 3023 948 3070 simul
974 3038 1030 3069 ac
1054 3021 1292 3069 duraverit
1317 3029 1431 3068 aetas
