1894 3188
587 90 915 130 SATIRARUM
949 90 1058 129 LIB.
1086 89 1142 129 ΙΙ.
1567 94 1664 143 167

119 215 206 263 Dis
229 215 405 262 etenim
432 214 570 262 facile
595 216 702 271 est‚’
726 216 890 262 orabat
911 233 921 262 :
959 232 1104 263 sanus
1139 215 1350 277 utrisque

122 299 339 347 Auribus
364 307 505 361 atque
531 298 685 344 oculis
705 315 717 356 ;
754 307 982 355 mentem,
1008 298 1101 346 nisi
1125 299 1376 361 litigiosus,

119 383 376 446 Exciperet
415 382 637 430 dominus
677 398 824 443 quum
860 383 1102 430 venderet.
1190 381 1300 430 Hoc
1336 398 1522 446 quoque
1565 384 1666 431 vul-

248 483 338 530 gus
1207 478 1216 484 “
1557 468 1661 516 285

124 550 421 613 Chrysippus
444 548 577 612 ponit
603 548 825 596 soecunda
850 548 900 595 in
925 557 1069 612 gente
1094 548 1311 596 Meneni.

122 639 132 659 ‘
149 634 353 697 Jupiter,
379 633 599 696 ingentes
623 633 703 695 qui
728 633 812 680 das
838 633 1100 695 adimisque
1126 634 1340 693 doloreS,'

115 717 274 766 Mater
300 717 365 764 ait
388 717 525 780 pueri
549 732 741 764 menses
761 717 859 780 jam
884 717 1092 779 quinque
1118 718 1352 777 cubantiS‚

118 805 129 826 ‘
149 801 348 864 Frigida
370 801 410 848 si
434 816 634 863 puerum
659 809 890 862 quartana
911 801 1170 863 reliquerit,
1197 802 1276 849 illo

117 883 267 932 Mane
292 885 369 932 die
395 901 486 947 quo
510 892 561 931 tu
586 883 761 931 indicis
782 884 980 948 jejunia,
1007 885 1164 931 nudus
1559 887 1658 935 290

116 968 177 1016 In
201 969 369 1016 Tiberi
394 968 567 1016 stabit.'
636 968 790 1015 Casus
814 969 1087 1016 medicusve
1107 969 1275 1016 levarit

117 1052 322 1116 AEgrum
346 1069 405 1100 ex
427 1052 678 1115 praecipiti,
704 1060 854 1099 mater
879 1053 1028 1099 delira
1050 1053 1243 1101 necabit

117 1136 177 1184 In
201 1137 359 1200 gelida
383 1137 529 1183 fixum
553 1136 666 1199 ripa,
697 1136 959 1199 febrimque
983 1137 1195 1184 reducet.

113 1219 293 1270 Quone
318 1221 441 1268 malo
465 1229 675 1267 mentem
701 1237 937 1268 concussa
959 1223 976 1268 Ἰ
1015 1222 1184 1269 timore
1209 1222 1454 1273 deorum.”

116 1303 239 1350 Haec
262 1304 380 1351 mihi
406 1303 678 1363 Stertinius,
706 1305 972 1366 sapientum
997 1313 1212 1362 octavus,
1238 1306 1394 1354 amico
1554 1308 1652 1356 295

114 1387 269 1433 Arma
292 1387 438 1443 dedit,
463 1388 661 1449 posthac
684 1404 745 1434 ne
770 1390 1082 1451 compellarer
1106 1389 1302 1437 inultus.

114 1469 302 1517 Dixerit
325 1471 546 1518 insanum
570 1470 650 1533 qui
676 1486 768 1527 me,
793 1472 991 1519 totidem
1016 1473 1212 1530 audiet3
1249 1482 1389 1536 atque

114 1554 379 1617 Respicere
404 1555 567 1619 ignoto
590 1555 743 1603 discet
765 1556 1026 1618 pendentia
1050 1565 1199 1621 tergo.

723 1661 977 1688 HORATIUS.

115 1729 294 1786 Stoice,
319 1738 424 1792 post
447 1730 676 1778 damnum
701 1731 771 1778 sic
795 1733 973 1779 vendas
996 1733 1161 1780 omnia
1182 1734 1330 1796 pluris
1351 1751 1362 1781 ε

113 1812 228 1864 Qua
250 1829 327 1860 me
352 1814 560 1874 stultitia,
586 1815 811 1877 quoniam
835 1832 933 1862 non
958 1825 1030 1863 est
1052 1833 1205 1879 genus
1229 1834 1393 1877 unum,
1550 1820 1648 1867 300

116 1896 335 1944 Insanire
358 1905 496 1959 putas
517 1899 535 1943 Ἰ
572 1914 662 1961 ego
685 1915 796 1946 nam
822 1899 982 1946 videor
1006 1900 1124 1947 mihi
1148 1916 1308 1949 sanus.

696 1997 1007 2025 DAMASIPPUS.

114 2061 251 2113 Quid
273 2063 291 2108 ’ἒ
327 2071 470 2125 caput
494 2061 754 2109 abscissum
781 2063 978 2109 demens
1002 2078 1147 2124 quum
1170 2071 1324 2125 portat
1347 2064 1514 2128 Agave

114 2146 260 2194 Gnati
284 2146 504 2205 infelicis,
529 2145 619 2192 sibi
643 2154 743 2192 tum
769 2145 946 2192 furiosa
968 2145 1187 2193 videtur?

722 2244 975 2272 HORATIUS.

114 2304 323 2352 Stultum
347 2321 423 2352 me
448 2304 610 2361 fateor,
634 2304 777 2351 liceat
800 2304 1068 2351 concedere
1093 2304 1232 2361 veris,
1545 2309 1643 2356 304

113 2390 271 2451 Atque
296 2389 438 2437 etiam
463 2389 684 2436 insanum
705 2405 715 2447 3
753 2388 934 2435 tantum
960 2389 1051 2436 hoc
1075 2387 1300 2450 edissere,
1325 2406 1418 2453 quo
1435 2407 1511 2439 me

114 2474 364 2538 AEgrotare
386 2481 523 2537 putes
547 2472 692 2520 animi
717 2472 843 2520 vitio.

684 2571 994 2599 DAMASIPPUS.

892 2633 1109 2697 Accipe:
1144 2634 1350 2698 primum

111 2721 357 2781 AEdificas,
383 2721 474 2769 hoc
497 2730 582 2781 est,
608 2721 775 2784 longos
798 2720 1013 2776 imitaris,
1039 2721 1098 2767 ab
1122 2720 1218 2769 imo

109 2806 190 2853 Ad
213 2822 451 2853 summum
475 2813 600 2853 totus
624 2804 803 2853 moduli
828 2805 1058 2867 bipedalis
1079 2823 1092 2864 ς
1128 2814 1176 2853 et
1199 2805 1327 2854 idem

107 2889 317 2952 Corpore
342 2890 567 2953 majorem
590 2889 718 2937 rides
742 2889 987 2936 Turbonis
1010 2889 1060 2937 in
1086 2889 1229 2937 armis

109 2973 339 3036 Spiritum
358 2983 406 3022 et
428 2974 669 3023 incessum
690 2991 701 3021 :
737 2974 817 3037 qui
839 2973 1070 3023 ridiculus
1094 2973 1250 3024 mimis
1274 2975 1395 3024 illo?
1540 2977 1637 3024 310
