1894 3188
131 160 232 209 174
669 153 718 200 Q.
747 150 987 192 HORATII
1015 128 1230 190 FLAcci'

818 306 1052 334 TIRESIAS.

196 388 243 436 O
269 387 542 444 Laertiade,
569 387 800 450 quidquid
826 387 999 446 dicam,
1027 394 1108 434 aut
1131 386 1234 445 erit,
1263 393 1347 432 aut
1369 399 1466 432 non
1487 400 1502 430 τ

195 473 425 522 Divinare
450 473 629 520 etenim
655 489 860 537 magnus
884 472 1002 519 mihi
1027 472 1173 520 donat
1198 470 1386 534 Apollo.
1679 468 1747 516 60

833 569 1046 596 ULYssES.

195 629 334 682 Quid
357 637 519 677 tamen
543 629 634 676 ista
657 628 770 676 velit
794 628 885 675 sibi
910 628 1083 686 fabula,
1110 627 1149 674 si
1173 627 1303 683 licet,
1329 626 1434 673 ede.

821 723 1053 751 TIRESIAS.

197 784 440 848 Tempore
463 801 557 847 quo
576 783 767 847 juvenis
791 784 980 831 Parthis
1005 783 1286 839 horrendus,
1303 782 1362 829 ab
1387 781 1481 828 alto

195 869 473 917 Demissum
499 886 654 933 genus
679 869 850 928 AEnea,
876 869 1044 915 tellure
1069 867 1285 929 marique

195 954 413 1018 Magnus
437 955 540 1014 erit,
568 954 676 1001 forti
700 954 849 1000 nubet
871 969 1073 1016 procera
1098 952 1292 1000 Corano

197 1039 326 1087 Filia
350 1039 399 1087 N
404 1039 563 1096 asicae,
590 1038 851 1085 metuentis
875 1038 1076 1085 reddere
1102 1037 1306 1084 soldum,
1679 1033 1748 1080 65

196 1123 330 1171 Tum
355 1140 504 1187 gener
529 1124 620 1170 hoc
647 1123 790 1170 faciet
811 1139 823 1179 3
861 1122 1046 1168 tabulas
1071 1137 1236 1168 socero
1260 1119 1406 1179 dabit,
1432 1127 1572 1183 atque

196 1208 262 1257 Ut
285 1209 414 1272 legat
437 1208 595 1256 orabit
617 1224 627 1254 :
664 1206 864 1255 multum
890 1207 1073 1254 Nasica
1096 1214 1295 1268 negatas

198 1293 425 1356 Accipiet
449 1293 645 1339 tandem
670 1300 718 1339 et
741 1291 916 1339 tacitus
940 1291 1098 1354 leget3
1136 1290 1441 1352 invenietque

196 1378 281 1425 Nil
307 1378 398 1424 sibi
422 1378 648 1440 legatum,
674 1385 844 1439 praeter
867 1376 1073 1438 plorare,
1101 1375 1308 1437 suisque.

197 1461 326 1509 Illud
352 1463 409 1509 ad
436 1463 540 1509 haec
560 1462 706 1529 jubeo
728 1478 738 1507 ε
776 1461 946 1508 mulier
972 1460 1011 1506 si
1036 1458 1155 1507 forte
1186 1460 1349 1506 dolosa
1681 1455 1745 1502 70

198 1547 480 1596 Libertusve
506 1562 669 1592 senem
695 1545 898 1591 delirum
923 1552 1168 1606 temperet,
1190 1543 1282 1589 illis

200 1632 427 1679 Accedes
453 1630 611 1677 socius
633 1647 645 1687 ς
683 1630 865 1688 laudeS‚
892 1628 1100 1674 lauderis
1126 1636 1178 1674 ut
1201 1628 1389 1674 absens.

198 1716 284 1765 Me
309 1733 440 1772 sene,
467 1715 591 1777 quod
617 1714 791 1769 dicam,
819 1713 998 1759 factum
1022 1720 1125 1758 est:
1164 1712 1305 1758 Anus
1324 1711 1538 1773 improba
1557 1708 1743 1758 Thebis

199 1801 276 1850 Ex
298 1808 584 1847 testamento
609 1799 678 1845 sic
703 1806 774 1844 est
797 1798 955 1844 elata:
992 1797 1196 1843 cadaver

198 1885 412 1934 Unctum
437 1884 542 1930 oleo
565 1883 698 1945 largo
723 1881 866 1928 nudis
891 1880 1103 1927 humeris
1127 1879 1236 1926 tulit
1258 1879 1410 1926 haeres
1430 1896 1442 1937 ;
1679 1878 1748 1925 75

199 1969 400 2018 Scilicet
424 1967 547 2014 elabi
573 1967 611 2013 si
636 1975 799 2028 posset
823 1973 1026 2023 mortua,
1053 1964 1212 2022 credo,

197 2053 350 2105 Quod
375 2051 574 2099 nimium
599 2050 836 2097 institerat
860 2048 1050 2095 viventi.
1122 2048 1309 2095 Cautus
1334 2047 1495 2094 adito:

199 2140 312 2187 Neu
338 2138 464 2184 desis
487 2153 657 2200 operae,
683 2151 802 2182 neve
828 2135 1169 2181 immoderatus
1194 2133 1423 2179 abundes.

200 2223 462 2271 Difficilem
487 2231 533 2268 et
558 2236 795 2268 morosum
821 2219 1031 2266 offendet
1055 2218 1273 2281 garrulus
1296 2234 1306 2263 2
1342 2214 1467 2263 ultra

200 2308 315 2356 Non
340 2307 487 2354 etiam
513 2306 665 2352 sileas.
737 2304 900 2351 Davus
926 2303 990 2349 sis
1015 2303 1246 2358 comicus,
1274 2310 1413 2363 atque
1679 2299 1744 2346 80

202 2394 311 2441 Stes
337 2392 491 2453 capite
516 2390 717 2453 obstipo,
744 2387 947 2435 multiim
973 2387 1140 2433 similis
1166 2385 1412 2432 metuenti.

202 2476 449 2538 Obsequio
473 2490 688 2538 grassare
711 2490 721 2519 z
760 2489 914 2531 mone,
943 2472 981 2518 si
1007 2470 1246 2518 increbuit
1270 2485 1400 2525 aura,

203 2560 387 2608 Cautus
412 2557 481 2605 uti
506 2559 630 2605 velet
655 2573 817 2604 carum
843 2564 987 2618 caput
1008 2572 1018 2601 ε
1056 2555 1251 2601 extrahe
1277 2553 1429 2612 turba,

202 2643 448 2707 Oppositis
472 2642 684 2689 humeris
706 2658 716 2687 z
755 2657 920 2687 aurem
948 2639 1219 2701 substringe
1244 2636 1446 2699 loquaci.

202 2729 512 2790 Importunus
537 2736 664 2773 amat
687 2724 870 2772 laudari
894 2726 910 2770 Ἰ
950 2725 1120 2782 donec,
1149 2727 1175 2748 “
1197 2720 1334 2769 Ohe!
1368 2722 1467 2784 jam
1486 2719 1495 2765 !
1514 2721 1544 2742 '’
1678 2720 1745 2767 85

202 2812 283 2859 Ad
308 2811 480 2858 coelum
508 2810 728 2856 manibus
753 2807 964 2866 sublatiS,
992 2807 1179 2862 dixerit,
1206 2821 1324 2868 urge
1346 2822 1357 2863 3
1394 2812 1443 2851 et

201 2895 514 2943 Crescentem
541 2893 735 2939 tumidis
761 2892 874 2938 infla
900 2891 1199 2938 sermonibus
1223 2899 1392 2936 utrem.

199 2979 371 3031 Quum
395 2987 441 3024 te
468 2978 658 3024 servitio
682 2977 826 3040 longo
851 2977 1059 3037 curaque
1084 2974 1248 3021 levarit
1268 2991 1280 3032 3

200 3064 265 3111 Et
288 3061 471 3111 certum
494 3061 713 3124 vigilans,
743 3066 769 3086 “
789 3060 992 3112 Quartae
1016 3067 1118 3106 esto
1141 3058 1288 3121 partis
1312 3055 1559 3119 'UlysseS,'’
