1894 3188
166 109 231 156 32

688 101 740 147 Q.
770 99 1010 139 HORATII
1039 99 1244 139 FLACCI

492 227 661 278 Latius
683 243 856 291 regnes
881 226 1072 274 avidum
1097 227 1335 274 domando

496 313 740 377 Spiritum,
766 311 908 374 quam
933 311 974 358 si
997 311 1197 374 Libyam
1221 311 1415 359 remotis
1706 311 1766 357 10

491 397 708 447 Gadibus
737 397 927 460 jungaS,
952 404 1000 443 et
1030 404 1226 458 uterque
1251 397 1428 445 Poenus

819 481 1005 528 Serviat
1029 481 1127 528 uni.

496 567 684 615 Crescit
707 566 962 629 indulgens
985 564 1075 612 sibi
1100 565 1229 612 dirus
1253 565 1484 628 hydrops3

494 651 543 698 N
547 667 603 699 eo
627 651 753 698 sitim
777 650 922 713 pellit,
949 650 1041 697 nisi
1066 666 1212 697 causa
1234 649 1386 696 morbi

495 734 694 799 Fugerit
717 735 865 791 venis,
891 743 939 781 et
963 751 1165 796 aquosus
1198 734 1305 781 albo
1706 734 1766 778 lo

821 819 1032 880 Corpore
1056 819 1271 880 languor.

495 903 760 950 Redditum
785 902 900 965 Cyri
925 903 1041 949 solio
1065 902 1320 956 Phraaten,

497 986 747 1034 Dissidens
771 966 910 1050 plebi,
937 1003 1135 1033 numero
1160 987 1404 1032 beatorum

496 1071 677 1118 Eximit
700 1072 864 1118 Virtus
885 1088 895 1128 3
931 1071 1250 1133 populumque
1276 1069 1406 1117 falsis

823 1155 1041 1203 Dedoeet
1064 1155 1133 1202 uti
1701 1154 1765 1199 20

498 1241 740 1298 Vocibus3
776 1257 977 1303 regnum
1002 1249 1049 1287 et
1073 1240 1297 1286 diadema
1318 1246 1472 1286 tutum

498 1324 732 1372 Deserens
755 1325 854 1380 uni,
879 1325 1207 1387 propriamque
1239 1324 1437 1381 laurum,

496 1408 730 1472 Quisquis
754 1410 974 1472 ingentes
997 1409 1137 1456 oculo
1161 1409 1376 1456 irretorto

596 1502 619 1509 ⁴
825 1494 1023 1558 Spectat
1047 1510 1254 1541 acervos.

738 1785 745 1797 ‚
1130 1765 1135 1782 ,

817 1815 969 1878 ὈΒΕ
994 1815 1098 1877 ΠΙ.

409 2023 424 2040 ο
796 1979 862 2010 AD
897 1979 1136 2011 DELLruM.

420 2043 434 2074 s

432 2100 640 2152 AEQUAM
664 2106 903 2145 memento
926 2098 1068 2144 rebus
1092 2097 1141 2143 in
1167 2098 1325 2145 arduis

432 2187 633 2232 Servare
657 2190 882 2241 mentem,
909 2198 1005 2229 non
1031 2180 1168 2228 secus
1192 2182 1239 2229 in
1266 2182 1402 2229 bonis

495 2268 574 2315 Ab
598 2266 821 2321 insolenti
845 2274 1158 2328 temperatam
1178 2324 1190 2331 „

562 2351 772 2406 Laetitia,
793 2335 1187 2415 manturanen,
1203 2343 1213 2353 ²

433 2436 529 2482 Seu
553 2443 749 2482 moestus
772 2434 901 2481 omni
925 2443 1134 2496 tempore
1159 2433 1347 2489 vixeris,
1653 2461 1669 2493 5
1730 2433 1762 2479 5

432 2520 530 2567 Seu
554 2528 600 2566 te
625 2519 675 2565 in
699 2527 879 2565 remoto
902 2517 1115 2580 gramine
1140 2534 1222 2579 per
1247 2517 1347 2564 dies

495 2603 665 2650 Festos
689 2602 972 2649 reclinatum
998 2595 1154 2647 bearis
1202 2615 1209 2622 ·
1529 2607 1540 2630 ⁶

561 2687 792 2734 Interiore
817 2687 928 2732 nota
952 2685 1161 2740 Falerni,
1237 2709 1245 2731 ;

428 2771 546 2823 Qua
571 2771 711 2833 pinus
736 2771 906 2833 ingens
932 2770 1129 2831 albaque
1153 2768 1354 2831 populus
1402 2767 1408 2776 ”

429 2855 659 2904 Umbram
683 2855 961 2918 hospitalem
986 2822 1261 2901 conso³oiare
1286 2862 1445 2928 apiant
1480 2901 1484 2906 ,
1566 2862 1590 2916 1
1679 2852 1761 2908 „10

440 2966 444 2970 -
495 2940 680 3005 Ramis,
705 2941 795 3001 qua
819 2948 866 2992 et
889 2939 1077 3000 obliquo
1101 2939 1284 3008 laborat
1331 2996 1337 3003 Ι
1426 2948 1436 2970 ⁰

559 3022 777 3086 Lympha
801 3023 944 3085 fugax
967 3023 1204 3086 trepidare
1229 3021 1341 3069 rivo.
1365 3046 1385 3119 δι
1412 3004 1419 3024 ’

1191 3138 1335 3188 ·ἰ“,“
1414 3148 1490 3188 Ᾰ’

1620 2992 1648 3047 d.
