1894 3188
600 148 1008 189 EPISTOLARUM
1035 149 1143 188 Lm.
1173 149 1207 188 1.
1614 153 1715 200 207

180 276 369 324 Evellas
393 292 538 339 agro3
576 283 624 322 et
647 276 813 323 melior
838 276 898 322 sit
923 274 1166 330 HoratiuS,
1194 291 1254 321 an
1278 291 1367 322 res.
1579 322 1582 327 ,
1687 274 1719 319 5

248 361 331 408 Me
355 359 567 423 quamvis
590 359 770 407 Lamiae
794 360 947 422 pietas
970 367 1016 406 et
1041 375 1157 406 cura
1180 368 1405 415 moratur,

184 444 399 492 Fratrem
424 443 680 502 moerentiS‚
706 452 839 506 rapto
864 444 923 490 de
948 443 1089 490 fratre
1119 442 1321 490 dolentis

184 528 528 585 Insolabiliter;
565 537 724 573 tamen
750 527 907 574 isthuc
930 543 1067 574 mens
1091 527 1373 588 animusque

184 611 313 668 Fert,
339 621 386 658 et
409 619 535 658 amat
558 611 721 672 spatiis
744 611 981 658 obstantia
1004 626 1223 673 rumpere
1248 611 1467 658 claustra.

183 695 321 742 Rure
345 711 434 758 ego
457 695 709 750 viventem,
735 703 786 741 tu
811 695 932 741 dicis
956 695 1005 741 in
1030 695 1165 751 urbe,
1191 694 1410 742 beatum:
1665 696 1724 741 10

184 779 278 825 Cui
302 779 458 841 placet
481 778 689 834 alterius,
714 795 801 824 sua
824 778 1049 825 nimirum
1074 787 1146 825 est
1168 779 1277 826 odio
1301 795 1414 826 sors,

185 861 368 908 Stultus
393 870 589 922 uterque
613 861 772 908 locum
797 861 1088 908 immeritum
1112 870 1337 908 causatur
1363 861 1521 923 inique
1543 879 1555 919 3

184 943 243 990 In
268 945 407 1006 culpa
431 954 503 990 est
527 944 731 1000 animus,
756 945 837 1006 qui
862 961 912 991 se
937 961 1033 991 non
1059 945 1226 1007 effugit
1250 961 1473 1006 unquam.

183 1027 265 1074 Tu
289 1028 599 1074 mediastinus
623 1028 767 1074 tacita
790 1045 938 1090 prece
962 1045 1075 1075 rura
1097 1029 1309 1090 petebas,

183 1112 332 1159 Nunc
357 1113 525 1159 urbem
549 1121 597 1158 et
620 1113 757 1159 ludos
791 1120 839 1158 et
863 1112 1033 1158 balnea
1056 1113 1241 1178 villicus
1260 1121 1394 1174 optas
1415 1129 1425 1158 ε
1669 1113 1729 1160 15

139 1228 143 1238 ,
183 1194 267 1242 Me
293 1205 513 1242 constare
539 1195 655 1242 mihi
681 1195 788 1254 scis,
816 1204 864 1242 et
888 1196 1134 1242 discedere
1160 1196 1359 1252 tristem,

180 1278 586 1340 Quandocunque
611 1280 805 1326 trahunt
829 1279 982 1326 invisa
1004 1280 1198 1342 negotia
1221 1280 1444 1327 Romam.

182 1362 295 1408 Non
321 1363 489 1409 eadem
515 1363 740 1410 miramur
762 1380 774 1420 3
812 1361 870 1410 eo
896 1363 1197 1411 disconvenit
1221 1364 1344 1411 inter

183 1445 359 1508 Meque
384 1456 432 1493 et
455 1457 530 1493 te:
568 1463 693 1506 nam,
719 1463 824 1509 quae
849 1448 1037 1495 deserta
1060 1456 1107 1494 et
1131 1448 1370 1510 inhospita
1392 1457 1559 1511 tesqua

180 1530 368 1586 Credi3‚
395 1548 582 1578 amoena
606 1541 743 1578 vocat
767 1548 957 1578 mecum
981 1533 1062 1594 qui
1087 1533 1247 1589 sentit,
1274 1544 1322 1580 et
1344 1534 1445 1580 odit
1659 1535 1729 1581 ⁴20

178 1613 307 1664 Quae
333 1623 382 1661 tu
406 1616 605 1677 pulchra
629 1625 780 1678 putas.
852 1616 1033 1664 Fornix
1056 1617 1142 1664 tibi
1168 1626 1215 1664 et
1239 1627 1389 1665 uncta
1417 1619 1594 1681 popina

183 1698 433 1746 Incutiunt
458 1700 587 1746 urbis
612 1700 919 1756 desiderium,
945 1702 1083 1748 video
1105 1719 1117 1758 3
1154 1710 1202 1748 et
1225 1702 1351 1763 quod

181 1783 406 1844 Angulus
431 1783 518 1829 iste
544 1784 663 1830 feret
685 1784 818 1846 piper
843 1793 891 1830 et
914 1785 1025 1831 thus
1048 1785 1180 1832 ocius
1205 1787 1325 1844 uva3

184 1866 292 1912 Nec
316 1867 476 1914 vicina
500 1868 678 1923 subest,
705 1868 868 1914 vinum
892 1870 1104 1930 praebere
1129 1870 1329 1917 taberna

181 1950 309 2000 Quae
335 1951 481 2012 possit
503 1951 615 2008 tibi3
654 1968 746 1998 nec
770 1953 993 1999 meretrix
1018 1954 1233 2009 tibicina,
1254 1955 1391 2016 cujus
1662 1956 1726 2003 ‘25

185 2034 264 2080 Ad
289 2034 536 2095 strepitum
561 2034 701 2080 salias
724 2043 862 2081 terrae
887 2036 1058 2097 gravis.
1129 2037 1193 2083 Et
1216 2047 1377 2084 tamen
1403 2055 1545 2101 urges

184 2117 480 2180 Jampridem
506 2134 602 2164 non
627 2127 755 2165 tacta
777 2119 1017 2181 ligonibus
1042 2137 1170 2176 arva,
1197 2118 1459 2184 bovemque

185 2201 491 2264 Disjunctum
517 2218 670 2260 curas,
697 2211 744 2248 et
768 2202 946 2249 strictis
972 2204 1219 2251 frondibus
1241 2207 1435 2269 exples:

186 2286 337 2332 Addit
360 2302 477 2348 opus
501 2286 636 2348 pigro
659 2286 802 2342 rivus,
828 2287 868 2333 si
893 2289 1073 2335 decidit
1092 2289 1257 2348 imber,

187 2370 237 2416 M
245 2371 340 2417 ulta
364 2371 487 2416 mole
512 2371 758 2417 docendus
783 2372 942 2434 aprico
965 2390 1161 2435 parcere
1185 2384 1334 2437 prato.
1659 2379 1724 2426 30

252 2454 415 2510 Nunc,
442 2471 545 2517 age,
570 2455 682 2517 quid
708 2465 920 2518 nostrum
945 2468 1234 2506 concentum
1260 2460 1455 2516 dividat,
1481 2462 1607 2509 audi.

181 2535 346 2586 Quem
371 2545 540 2583 tenues
565 2535 772 2583 decuere
796 2546 917 2600 togae
942 2539 1173 2601 nitidique
1199 2541 1375 2603 capilli,

182 2619 349 2670 Quem
374 2620 496 2666 nosti
522 2619 737 2668 bibulum
761 2623 917 2668 media
942 2623 1001 2669 de
1026 2623 1134 2670 luce
1159 2624 1370 2681 Falerni,

185 2704 342 2750 Coena
366 2704 520 2750 brevis
539 2705 688 2767 juvat,
715 2713 762 2751 et
785 2722 930 2768 prope
955 2707 1108 2754 rivum
1134 2725 1329 2756 somnus
1353 2709 1402 2757 in
1428 2711 1603 2759 herba:

185 2787 295 2834 Nec
319 2787 486 2834 lusisse
509 2789 672 2850 pudet,
698 2789 781 2835 sed
806 2806 902 2837 non
927 2790 1140 2839 incidere
1164 2792 1345 2840 ludum.
1658 2797 1723 2844 35

185 2870 299 2918 Non
325 2871 466 2918 isthic
489 2872 679 2934 obliquo
701 2873 842 2921 oculo
866 2890 972 2922 mea
995 2877 1247 2924 commoda
1277 2878 1525 2941 quisquam

183 2951 373 3012 Limat3
410 2971 506 3002 non
530 2956 640 3003 odio
663 2956 868 3005 obscuro
891 2975 1145 3022 morsuque
1170 2971 1391 3010 venenat.

181 3037 367 3085 Rident
390 3039 536 3087 vicini
559 3041 723 3103 glebas
746 3050 794 3089 et
817 3059 934 3091 saxa
957 3053 1242 3092 moventem.
