<?xml version="1.0" encoding="UTF-8"?>
<!DOCTYPE html PUBLIC "-//W3C//DTD XHTML 1.0 Transitional//EN"
    "http://www.w3.org/TR/xhtml1/DTD/xhtml1-transitional.dtd">
<html xmlns="http://www.w3.org/1999/xhtml" xml:lang="en" lang="en">
 <head>
  <title>
</title>
<meta http-equiv="Content-Type" content="text/html;charset=utf-8" />
  <meta name='ocr-system' content='tesseract 3.04.00' />
  <meta name='ocr-capabilities' content='ocr_page ocr_carea ocr_par ocr_line ocrx_word'/>
</head>
<body>
  <div class='ocr_page' id='page_1' title='image "./quintihoratiifla1928hora_0018.png"; bbox 0 0 1894 3188; ppageno 0'>
   <div class='ocr_carea' id='block_1_1' title="bbox 210 52 1273 137">
    <p class='ocr_par' dir='ltr' id='par_1_1' title="bbox 210 52 1273 137">
     <span class='ocr_line' id='line_1_1' title="bbox 210 52 1273 137; baseline 0.002 -11"><span class='ocrx_word' id='word_1_1' title='bbox 210 89 242 137; x_wconf 80' lang='lat'>8</span> <span class='ocrx_word' id='word_1_2' title='bbox 730 88 780 135; x_wconf 84' lang='lat' dir='ltr'>Q.</span> <span class='ocrx_word' id='word_1_3' title='bbox 809 87 1044 128; x_wconf 86' lang='lat' dir='ltr'>HORATII</span> <span class='ocrx_word' id='word_1_4' title='bbox 1071 52 1273 129; x_wconf 45' lang='lat' dir='ltr'>&amp;mcor</span> 
     </span>
    </p>
   </div>
   <div class='ocr_carea' id='block_1_2' title="bbox 277 211 1642 1038">
    <p class='ocr_par' dir='ltr' id='par_1_2' title="bbox 277 211 1642 1038">
     <span class='ocr_line' id='line_1_2' title="bbox 278 211 1357 276; baseline 0.005 -18"><span class='ocrx_word' id='word_1_5' title='bbox 278 211 521 276; x_wconf 85' lang='lat' dir='ltr'>Tempora</span> <span class='ocrx_word' id='word_1_6' title='bbox 543 213 745 276; x_wconf 74' lang='lat' dir='ltr'>populea</span> <span class='ocrx_word' id='word_1_7' title='bbox 769 214 914 261; x_wconf 88' lang='lat' dir='ltr'>fertur</span> <span class='ocrx_word' id='word_1_8' title='bbox 937 215 1142 262; x_wconf 80' lang='lat' dir='ltr'>vinxisse</span> <span class='ocrx_word' id='word_1_9' title='bbox 1167 216 1357 272; x_wconf 68' lang='lat' dir='ltr'>corona,</span> 
     </span>
     <span class='ocr_line' id='line_1_3' title="bbox 477 297 1161 347; baseline 0.004 -3"><span class='ocrx_word' id='word_1_10' title='bbox 477 297 559 344; x_wconf 89' lang='lat' dir='ltr'>Sic</span> <span class='ocrx_word' id='word_1_11' title='bbox 582 298 737 345; x_wconf 75' lang='lat' dir='ltr'><strong>tristes</strong></span> <span class='ocrx_word' id='word_1_12' title='bbox 762 300 928 346; x_wconf 82' lang='lat' dir='ltr'>affatus</span> <span class='ocrx_word' id='word_1_13' title='bbox 953 300 1129 347; x_wconf 89' lang='lat' dir='ltr'>amicos</span> <span class='ocrx_word' id='word_1_14' title='bbox 1152 317 1161 347; x_wconf 88' lang='lat'>:</span> 
     </span>
     <span class='ocr_line' id='line_1_4' title="bbox 279 377 1534 449; baseline 0.002 -17"><span class='ocrx_word' id='word_1_15' title='bbox 279 388 309 409; x_wconf 90' lang='lat'><strong>“</strong></span> <span class='ocrx_word' id='word_1_16' title='bbox 329 380 445 432; x_wconf 72' lang='lat' dir='ltr'>Quo</span> <span class='ocrx_word' id='word_1_17' title='bbox 469 398 556 429; x_wconf 90' lang='lat' dir='ltr'>nos</span> <span class='ocrx_word' id='word_1_18' title='bbox 580 399 767 446; x_wconf 89' lang='lat' dir='ltr'>cunque</span> <span class='ocrx_word' id='word_1_19' title='bbox 793 384 909 431; x_wconf 85' lang='lat' dir='ltr'>seret</span> <span class='ocrx_word' id='word_1_20' title='bbox 928 384 1091 431; x_wconf 88' lang='lat' dir='ltr'>melior</span> <span class='ocrx_word' id='word_1_21' title='bbox 1118 377 1302 432; x_wconf 83' lang='lat' dir='ltr'>fortuna</span> <span class='ocrx_word' id='word_1_22' title='bbox 1323 382 1534 449; x_wconf 88' lang='lat' dir='ltr'>parente,</span> 
     </span>
     <span class='ocr_line' id='line_1_5' title="bbox 474 466 1208 531; baseline 0.004 -18"><span class='ocrx_word' id='word_1_23' title='bbox 474 466 668 527; x_wconf 87' lang='lat' dir='ltr'><strong>Ibimus,</strong></span> <span class='ocrx_word' id='word_1_24' title='bbox 694 484 722 515; x_wconf 91' lang='lat' dir='ltr'>o</span> <span class='ocrx_word' id='word_1_25' title='bbox 747 469 863 515; x_wconf 89' lang='lat' dir='ltr'>socii</span> <span class='ocrx_word' id='word_1_26' title='bbox 887 469 1176 531; x_wconf 82' lang='lat' dir='ltr'>comitesque</span> <span class='ocrx_word' id='word_1_27' title='bbox 1199 468 1208 515; x_wconf 76' lang='lat' dir='ltr'>l</span> 
     </span>
     <span class='ocr_line' id='line_1_6' title="bbox 277 549 1642 617; baseline 0.007 -21"><span class='ocrx_word' id='word_1_28' title='bbox 277 549 359 596; x_wconf 89' lang='lat' dir='ltr'>Nil</span> <span class='ocrx_word' id='word_1_29' title='bbox 381 550 728 613; x_wconf 88' lang='lat' dir='ltr'>desperandum</span> <span class='ocrx_word' id='word_1_30' title='bbox 752 552 944 600; x_wconf 79' lang='lat' dir='ltr'>Teucro</span> <span class='ocrx_word' id='word_1_31' title='bbox 969 553 1104 613; x_wconf 89' lang='lat' dir='ltr'>duce,</span> <span class='ocrx_word' id='word_1_32' title='bbox 1131 562 1178 600; x_wconf 91' lang='lat' dir='ltr'>et</span> <span class='ocrx_word' id='word_1_33' title='bbox 1201 554 1393 617; x_wconf 80' lang='lat' dir='ltr'>auspice</span> <span class='ocrx_word' id='word_1_34' title='bbox 1417 555 1642 614; x_wconf 82' lang='lat' dir='ltr'>Teucro3</span> 
     </span>
     <span class='ocr_line' id='line_1_7' title="bbox 473 634 1228 700; baseline 0.005 -19"><span class='ocrx_word' id='word_1_35' title='bbox 473 634 646 682; x_wconf 82' lang='lat' dir='ltr'>Certus</span> <span class='ocrx_word' id='word_1_36' title='bbox 670 636 796 683; x_wconf 91' lang='lat' dir='ltr'>enim</span> <span class='ocrx_word' id='word_1_37' title='bbox 819 637 1032 700; x_wconf 86' lang='lat' dir='ltr'>promisit</span> <span class='ocrx_word' id='word_1_38' title='bbox 1057 638 1228 700; x_wconf 91' lang='lat' dir='ltr'>Apollo</span> 
     </span>
     <span class='ocr_line' id='line_1_8' title="bbox 278 717 1415 781; baseline 0.006 -18"><span class='ocrx_word' id='word_1_39' title='bbox 278 717 567 781; x_wconf 83' lang='lat' dir='ltr'>Ambiguam</span> <span class='ocrx_word' id='word_1_40' title='bbox 590 720 756 768; x_wconf 86' lang='lat' dir='ltr'>tellure</span> <span class='ocrx_word' id='word_1_41' title='bbox 780 722 902 769; x_wconf 70' lang='lat' dir='ltr'>nova</span> <span class='ocrx_word' id='word_1_42' title='bbox 927 722 1172 769; x_wconf 80' lang='lat' dir='ltr'>Salamina</span> <span class='ocrx_word' id='word_1_43' title='bbox 1196 722 1415 771; x_wconf 90' lang='lat' dir='ltr'>futuram.</span> 
     </span>
     <span class='ocr_line' id='line_1_9' title="bbox 437 790 1107 871; baseline 0.004 -21"><span class='ocrx_word' id='word_1_44' title='bbox 437 790 439 792; x_wconf 19' lang='lat'>³</span> <span class='ocrx_word' id='word_1_45' title='bbox 473 803 520 850; x_wconf 90' lang='lat' dir='ltr'>O</span> <span class='ocrx_word' id='word_1_46' title='bbox 544 803 685 851; x_wconf 88' lang='lat' dir='ltr'>fortes</span> <span class='ocrx_word' id='word_1_47' title='bbox 708 806 958 869; x_wconf 87' lang='lat' dir='ltr'>pejoraque</span> <span class='ocrx_word' id='word_1_48' title='bbox 982 807 1107 871; x_wconf 87' lang='lat' dir='ltr'>passi</span> 
     </span>
     <span class='ocr_line' id='line_1_10' title="bbox 279 884 1438 954; baseline 0.004 -21"><span class='ocrx_word' id='word_1_49' title='bbox 279 884 474 935; x_wconf 84' lang='lat' dir='ltr'>Mecum</span> <span class='ocrx_word' id='word_1_50' title='bbox 498 886 622 950; x_wconf 75' lang='lat' dir='ltr'>saepe</span> <span class='ocrx_word' id='word_1_51' title='bbox 647 889 732 936; x_wconf 91' lang='lat' dir='ltr'>viri</span> <span class='ocrx_word' id='word_1_52' title='bbox 755 888 763 935; x_wconf 76' lang='grc' dir='ltr'><strong>Ι</strong></span> <span class='ocrx_word' id='word_1_53' title='bbox 801 907 930 938; x_wconf 90' lang='lat' dir='ltr'>nunc</span> <span class='ocrx_word' id='word_1_54' title='bbox 954 892 1063 939; x_wconf 91' lang='lat' dir='ltr'>vino</span> <span class='ocrx_word' id='word_1_55' title='bbox 1086 892 1244 954; x_wconf 89' lang='lat' dir='ltr'>pellite</span> <span class='ocrx_word' id='word_1_56' title='bbox 1269 909 1407 940; x_wconf 86' lang='lat' dir='ltr'>curas</span> <span class='ocrx_word' id='word_1_57' title='bbox 1427 910 1438 938; x_wconf 73' lang='grc' dir='ltr'>ε</span> 
     </span>
     <span class='ocr_line' id='line_1_11' title="bbox 475 971 1311 1038; baseline 0.004 -20"><span class='ocrx_word' id='word_1_58' title='bbox 475 971 593 1019; x_wconf 86' lang='lat' dir='ltr'>Cras</span> <span class='ocrx_word' id='word_1_59' title='bbox 617 972 785 1036; x_wconf 83' lang='lat' dir='ltr'>ingens</span> <span class='ocrx_word' id='word_1_60' title='bbox 809 974 1082 1022; x_wconf 81' lang='lat' dir='ltr'>iterabimus</span> <span class='ocrx_word' id='word_1_61' title='bbox 1108 977 1311 1038; x_wconf 81' lang='lat' dir='ltr'>aequor.&#39;’</span> 
     </span>
    </p>
   </div>
   <div class='ocr_carea' id='block_1_3' title="bbox 863 1396 1150 1444">
    <p class='ocr_par' dir='ltr' id='par_1_3' title="bbox 863 1396 1150 1444">
     <span class='ocr_line' id='line_1_12' title="bbox 863 1396 1150 1444; baseline -0.007 0"><span class='ocrx_word' id='word_1_62' title='bbox 863 1397 1001 1444; x_wconf 90' lang='lat' dir='ltr'>ODE</span> <span class='ocrx_word' id='word_1_63' title='bbox 1037 1396 1150 1443; x_wconf 89' lang='lat' dir='ltr'><strong>VII.</strong></span> 
     </span>
    </p>
   </div>
   <div class='ocr_carea' id='block_1_4' title="bbox 850 1547 1158 1578">
    <p class='ocr_par' dir='ltr' id='par_1_4' title="bbox 850 1547 1158 1578">
     <span class='ocr_line' id='line_1_13' title="bbox 850 1547 1158 1578; baseline -0.006 0"><span class='ocrx_word' id='word_1_64' title='bbox 850 1547 915 1578; x_wconf 92' lang='lat' dir='ltr'>AD</span> <span class='ocrx_word' id='word_1_65' title='bbox 951 1547 1158 1578; x_wconf 81' lang='lat' dir='ltr'><strong>LYDIAM.</strong></span> 
     </span>
    </p>
   </div>
   <div class='ocr_carea' id='block_1_5' title="bbox 348 1663 1656 2990">
    <p class='ocr_par' dir='ltr' id='par_1_5' title="bbox 669 1663 1260 1727">
     <span class='ocr_line' id='line_1_14' title="bbox 669 1663 1260 1727; baseline 0.002 -17"><span class='ocrx_word' id='word_1_66' title='bbox 669 1663 847 1723; x_wconf 70' lang='grc' dir='ltr'>ΙΛἾΠΑ,</span> <span class='ocrx_word' id='word_1_67' title='bbox 874 1664 967 1721; x_wconf 89' lang='lat' dir='ltr'>dic,</span> <span class='ocrx_word' id='word_1_68' title='bbox 992 1681 1074 1727; x_wconf 87' lang='lat' dir='ltr'>per</span> <span class='ocrx_word' id='word_1_69' title='bbox 1098 1681 1260 1711; x_wconf 86' lang='lat' dir='ltr'>omnes</span> 
     </span>
    </p>

    <p class='ocr_par' dir='ltr' id='par_1_6' title="bbox 348 1746 1595 1895">
     <span class='ocr_line' id='line_1_15' title="bbox 348 1746 1595 1812; baseline 0.002 -18"><span class='ocrx_word' id='word_1_70' title='bbox 348 1746 427 1795; x_wconf 92' lang='lat' dir='ltr'>Te</span> <span class='ocrx_word' id='word_1_71' title='bbox 451 1748 563 1795; x_wconf 89' lang='lat' dir='ltr'>deos</span> <span class='ocrx_word' id='word_1_72' title='bbox 585 1763 666 1795; x_wconf 92' lang='lat' dir='ltr'>oro</span> <span class='ocrx_word' id='word_1_73' title='bbox 688 1765 696 1794; x_wconf 92' lang='lat'>:</span> <span class='ocrx_word' id='word_1_74' title='bbox 737 1749 938 1810; x_wconf 81' lang='lat' dir='ltr'>Sybarin</span> <span class='ocrx_word' id='word_1_75' title='bbox 963 1766 1045 1796; x_wconf 89' lang='lat' dir='ltr'>cur</span> <span class='ocrx_word' id='word_1_76' title='bbox 1069 1766 1292 1812; x_wconf 84' lang='lat' dir='ltr'>properas</span> <span class='ocrx_word' id='word_1_77' title='bbox 1317 1751 1517 1798; x_wconf 82' lang='lat' dir='ltr'>amando</span> <span class='ocrx_word' id='word_1_78' title='bbox 1583 1799 1595 1807; x_wconf 55' lang='lat'><em>,</em></span> 
     </span>
     <span class='ocr_line' id='line_1_16' title="bbox 672 1832 1283 1895; baseline 0.005 -17"><span class='ocrx_word' id='word_1_79' title='bbox 672 1832 876 1879; x_wconf 84' lang='lat' dir='ltr'>Perdere</span> <span class='ocrx_word' id='word_1_80' title='bbox 897 1835 914 1878; x_wconf 75' lang='lat' dir='ltr'>‘l</span> <span class='ocrx_word' id='word_1_81' title='bbox 953 1851 1036 1880; x_wconf 92' lang='lat' dir='ltr'>cur</span> <span class='ocrx_word' id='word_1_82' title='bbox 1073 1834 1283 1895; x_wconf 86' lang='lat' dir='ltr'>apricum</span> 
     </span>
    </p>

    <p class='ocr_par' dir='ltr' id='par_1_7' title="bbox 348 1914 1536 2062">
     <span class='ocr_line' id='line_1_17' title="bbox 348 1914 1536 1980; baseline 0.002 -18"><span class='ocrx_word' id='word_1_83' title='bbox 348 1914 518 1963; x_wconf 82' lang='lat' dir='ltr'>Oderit</span> <span class='ocrx_word' id='word_1_84' title='bbox 541 1932 776 1979; x_wconf 82' lang='lat' dir='ltr'>campum,</span> <span class='ocrx_word' id='word_1_85' title='bbox 801 1917 984 1979; x_wconf 85' lang='lat' dir='ltr'>patiens</span> <span class='ocrx_word' id='word_1_86' title='bbox 1003 1918 1206 1980; x_wconf 90' lang='lat' dir='ltr'>pulveris</span> <span class='ocrx_word' id='word_1_87' title='bbox 1230 1926 1367 1979; x_wconf 89' lang='lat' dir='ltr'>atque</span> <span class='ocrx_word' id='word_1_88' title='bbox 1392 1918 1536 1966; x_wconf 79' lang='lat' dir='ltr'>solis&#39;?</span> 
     </span>
     <span class='ocr_line' id='line_1_18' title="bbox 674 2000 1184 2062; baseline 0.002 -15"><span class='ocrx_word' id='word_1_89' title='bbox 674 2000 772 2047; x_wconf 89' lang='lat' dir='ltr'>Cur</span> <span class='ocrx_word' id='word_1_90' title='bbox 796 2017 949 2062; x_wconf 87' lang='lat' dir='ltr'>neque</span> <span class='ocrx_word' id='word_1_91' title='bbox 969 2001 1184 2048; x_wconf 83' lang='lat' dir='ltr'>militaris</span> 
     </span>
    </p>

    <p class='ocr_par' dir='ltr' id='par_1_8' title="bbox 349 2082 1443 2231">
     <span class='ocr_line' id='line_1_19' title="bbox 349 2082 1443 2148; baseline 0.003 -19"><span class='ocrx_word' id='word_1_92' title='bbox 349 2082 479 2130; x_wconf 87' lang='lat' dir='ltr'>Inter</span> <span class='ocrx_word' id='word_1_93' title='bbox 505 2084 707 2146; x_wconf 87' lang='lat' dir='ltr'>aequales</span> <span class='ocrx_word' id='word_1_94' title='bbox 731 2085 924 2146; x_wconf 84' lang='lat' dir='ltr'>equitat,</span> <span class='ocrx_word' id='word_1_95' title='bbox 949 2085 1136 2132; x_wconf 82' lang='lat' dir='ltr'>Gallica</span> <span class='ocrx_word' id='word_1_96' title='bbox 1158 2101 1249 2133; x_wconf 90' lang='lat' dir='ltr'>nec</span> <span class='ocrx_word' id='word_1_97' title='bbox 1273 2085 1443 2148; x_wconf 88' lang='lat' dir='ltr'>lupatis</span> 
     </span>
     <span class='ocr_line' id='line_1_20' title="bbox 675 2168 1259 2231; baseline -0.002 -15"><span class='ocrx_word' id='word_1_98' title='bbox 675 2168 937 2231; x_wconf 82' lang='lat' dir='ltr'>Temperat</span> <span class='ocrx_word' id='word_1_99' title='bbox 959 2185 1042 2216; x_wconf 88' lang='lat' dir='ltr'>ora</span> <span class='ocrx_word' id='word_1_100' title='bbox 1065 2169 1222 2215; x_wconf 83' lang='lat' dir='ltr'>sraenis</span> <span class='ocrx_word' id='word_1_101' title='bbox 1240 2171 1259 2215; x_wconf 73' lang='lat' dir='ltr'>&#39;l</span> 
     </span>
    </p>

    <p class='ocr_par' dir='ltr' id='par_1_9' title="bbox 349 2252 1614 2400">
     <span class='ocr_line' id='line_1_21' title="bbox 349 2252 1614 2317; baseline 0.002 -18"><span class='ocrx_word' id='word_1_102' title='bbox 349 2252 448 2299; x_wconf 88' lang='lat' dir='ltr'>Cur</span> <span class='ocrx_word' id='word_1_103' title='bbox 471 2252 606 2300; x_wconf 89' lang='lat' dir='ltr'>timet</span> <span class='ocrx_word' id='word_1_104' title='bbox 629 2252 801 2300; x_wconf 83' lang='lat' dir='ltr'>flavum</span> <span class='ocrx_word' id='word_1_105' title='bbox 825 2254 1042 2300; x_wconf 88' lang='lat' dir='ltr'>Tiberim</span> <span class='ocrx_word' id='word_1_106' title='bbox 1066 2254 1297 2317; x_wconf 65' lang='lat' dir='ltr'>tangere?</span> <span class='ocrx_word' id='word_1_107' title='bbox 1334 2269 1417 2301; x_wconf 89' lang='lat' dir='ltr'>cur</span> <span class='ocrx_word' id='word_1_108' title='bbox 1440 2253 1614 2302; x_wconf 90' lang='lat' dir='ltr'>olivum</span> 
     </span>
     <span class='ocr_line' id='line_1_22' title="bbox 675 2337 1155 2400; baseline 0.002 -16"><span class='ocrx_word' id='word_1_109' title='bbox 675 2337 920 2400; x_wconf 82' lang='lat' dir='ltr'>Sanguine</span> <span class='ocrx_word' id='word_1_110' title='bbox 945 2338 1155 2400; x_wconf 88' lang='lat' dir='ltr'>viperino</span> 
     </span>
    </p>

    <p class='ocr_par' dir='ltr' id='par_1_10' title="bbox 349 2418 1530 2566">
     <span class='ocr_line' id='line_1_23' title="bbox 349 2418 1530 2491; baseline 0.003 -25"><span class='ocrx_word' id='word_1_111' title='bbox 349 2418 550 2467; x_wconf 74' lang='lat' dir='ltr'>Cautius</span> <span class='ocrx_word' id='word_1_112' title='bbox 573 2420 719 2467; x_wconf 67' lang='lat' dir='ltr'>vitat?</span> <span class='ocrx_word' id='word_1_113' title='bbox 755 2437 908 2482; x_wconf 82' lang='lat' dir='ltr'>neque</span> <span class='ocrx_word' id='word_1_114' title='bbox 929 2421 1025 2483; x_wconf 85' lang='lat' dir='ltr'>jam</span> <span class='ocrx_word' id='word_1_115' title='bbox 1050 2422 1192 2491; x_wconf 57' lang='lat' dir='ltr'>liXida</span> <span class='ocrx_word' id='word_1_116' title='bbox 1214 2430 1367 2484; x_wconf 84' lang='lat' dir='ltr'>gestat</span> <span class='ocrx_word' id='word_1_117' title='bbox 1390 2423 1530 2470; x_wconf 86' lang='lat' dir='ltr'>armis</span> 
     </span>
     <span class='ocr_line' id='line_1_24' title="bbox 673 2490 1219 2566; baseline 0.004 -16"><span class='ocrx_word' id='word_1_118' title='bbox 673 2504 890 2562; x_wconf 81' lang='lat' dir='ltr'>Brachia,</span> <span class='ocrx_word' id='word_1_119' title='bbox 916 2503 1040 2566; x_wconf 77' lang='lat' dir='ltr'>saepe</span> <span class='ocrx_word' id='word_1_120' title='bbox 1072 2490 1219 2560; x_wconf 72' lang='lat' dir='ltr'>disco,</span> 
     </span>
    </p>

    <p class='ocr_par' dir='ltr' id='par_1_11' title="bbox 351 2585 1461 2728">
     <span class='ocr_line' id='line_1_25' title="bbox 351 2585 1461 2651; baseline -0.001 -17"><span class='ocrx_word' id='word_1_121' title='bbox 351 2585 490 2650; x_wconf 74' lang='lat' dir='ltr'>Saepe</span> <span class='ocrx_word' id='word_1_122' title='bbox 515 2596 644 2634; x_wconf 89' lang='lat' dir='ltr'>trans</span> <span class='ocrx_word' id='word_1_123' title='bbox 667 2587 809 2634; x_wconf 90' lang='lat' dir='ltr'>finem</span> <span class='ocrx_word' id='word_1_124' title='bbox 831 2588 990 2650; x_wconf 88' lang='lat' dir='ltr'>jaculo</span> <span class='ocrx_word' id='word_1_125' title='bbox 1013 2589 1183 2636; x_wconf 86' lang='lat' dir='ltr'>nobilis</span> <span class='ocrx_word' id='word_1_126' title='bbox 1208 2589 1461 2651; x_wconf 63' lang='lat' dir='ltr'>expedito?</span> 
     </span>
     <span class='ocr_line' id='line_1_26' title="bbox 673 2671 1253 2728; baseline -0.005 -6"><span class='ocrx_word' id='word_1_127' title='bbox 673 2671 809 2722; x_wconf 75' lang='lat' dir='ltr'>Quid</span> <span class='ocrx_word' id='word_1_128' title='bbox 833 2672 961 2728; x_wconf 88' lang='lat' dir='ltr'>latet,</span> <span class='ocrx_word' id='word_1_129' title='bbox 987 2682 1039 2719; x_wconf 92' lang='lat' dir='ltr'>ut</span> <span class='ocrx_word' id='word_1_130' title='bbox 1061 2673 1253 2719; x_wconf 79' lang='lat' dir='ltr'>marinae</span> 
     </span>
    </p>

    <p class='ocr_par' dir='ltr' id='par_1_12' title="bbox 350 2755 1542 2897">
     <span class='ocr_line' id='line_1_27' title="bbox 350 2755 1542 2820; baseline 0.001 -17"><span class='ocrx_word' id='word_1_131' title='bbox 350 2755 526 2804; x_wconf 88' lang='lat' dir='ltr'>Filium</span> <span class='ocrx_word' id='word_1_132' title='bbox 550 2756 716 2803; x_wconf 87' lang='lat' dir='ltr'>dicunt</span> <span class='ocrx_word' id='word_1_133' title='bbox 739 2756 961 2803; x_wconf 91' lang='lat' dir='ltr'>Thetidis</span> <span class='ocrx_word' id='word_1_134' title='bbox 985 2757 1072 2803; x_wconf 93' lang='lat' dir='ltr'>sub</span> <span class='ocrx_word' id='word_1_135' title='bbox 1095 2757 1357 2819; x_wconf 84' lang='lat' dir='ltr'>lacrymosa</span> <span class='ocrx_word' id='word_1_136' title='bbox 1383 2757 1542 2820; x_wconf 89' lang='lat' dir='ltr'>Trojae</span> 
     </span>
     <span class='ocr_line' id='line_1_28' title="bbox 676 2841 1139 2897; baseline 0.002 -10"><span class='ocrx_word' id='word_1_137' title='bbox 676 2841 883 2897; x_wconf 81' lang='lat' dir='ltr'>Funera,</span> <span class='ocrx_word' id='word_1_138' title='bbox 911 2858 969 2890; x_wconf 90' lang='lat' dir='ltr'>ne</span> <span class='ocrx_word' id='word_1_139' title='bbox 995 2841 1139 2888; x_wconf 91' lang='lat' dir='ltr'>virilis</span> 
     </span>
    </p>

    <p class='ocr_par' dir='ltr' id='par_1_13' title="bbox 350 2924 1656 2990">
     <span class='ocr_line' id='line_1_29' title="bbox 350 2924 1656 2990; baseline -0.002 -17"><span class='ocrx_word' id='word_1_140' title='bbox 350 2925 519 2973; x_wconf 85' lang='lat' dir='ltr'>Cultus</span> <span class='ocrx_word' id='word_1_141' title='bbox 543 2924 592 2972; x_wconf 91' lang='lat' dir='ltr'>in</span> <span class='ocrx_word' id='word_1_142' title='bbox 617 2926 797 2972; x_wconf 85' lang='lat' dir='ltr'>caedem</span> <span class='ocrx_word' id='word_1_143' title='bbox 820 2934 867 2973; x_wconf 92' lang='lat' dir='ltr'>et</span> <span class='ocrx_word' id='word_1_144' title='bbox 890 2925 1061 2989; x_wconf 85' lang='lat' dir='ltr'>Lycias</span> <span class='ocrx_word' id='word_1_145' title='bbox 1084 2926 1344 2990; x_wconf 87' lang='lat' dir='ltr'>proriperet</span> <span class='ocrx_word' id='word_1_146' title='bbox 1360 2926 1607 2974; x_wconf 64' lang='lat' dir='ltr'>catervas?</span> <span class='ocrx_word' id='word_1_147' title='bbox 1649 2940 1656 2944; x_wconf 83' lang='lat'>·</span> 
     </span>
    </p>
   </div>
   <div class='ocr_carea' id='block_1_6' title="bbox 1731 391 1795 437">
    <p class='ocr_par' dir='ltr' id='par_1_14' title="bbox 1731 391 1795 437">
     <span class='ocr_line' id='line_1_30' title="bbox 1731 391 1795 437; baseline 0.016 -1"><span class='ocrx_word' id='word_1_148' title='bbox 1731 391 1795 437; x_wconf 77' lang='lat'>25</span> 
     </span>
    </p>
   </div>
   <div class='ocr_carea' id='block_1_7' title="bbox 1735 811 1798 856">
    <p class='ocr_par' dir='ltr' id='par_1_15' title="bbox 1735 811 1798 856">
     <span class='ocr_line' id='line_1_31' title="bbox 1735 811 1798 856; baseline 0 0"><span class='ocrx_word' id='word_1_149' title='bbox 1735 811 1798 856; x_wconf 85' lang='lat'>30</span> 
     </span>
    </p>
   </div>
   <div class='ocr_carea' id='block_1_8' title="bbox 1768 2005 1801 2050">
    <p class='ocr_par' dir='ltr' id='par_1_16' title="bbox 1768 2005 1801 2050">
     <span class='ocr_line' id='line_1_32' title="bbox 1768 2005 1801 2050; textangle 90"><span class='ocrx_word' id='word_1_150' title='bbox 1768 2005 1801 2050; x_wconf 57' lang='grc' dir='ltr'>Οἱ</span> 
     </span>
    </p>
   </div>
   <div class='ocr_carea' id='block_1_9' title="bbox 1743 2422 1802 2468">
    <p class='ocr_par' dir='ltr' id='par_1_17' title="bbox 1743 2422 1802 2468">
     <span class='ocr_line' id='line_1_33' title="bbox 1743 2422 1802 2468; baseline -0.017 0"><span class='ocrx_word' id='word_1_151' title='bbox 1743 2422 1802 2468; x_wconf 87' lang='grc'>10</span> 
     </span>
    </p>
   </div>
   <div class='ocr_carea' id='block_1_10' title="bbox 1744 2841 1804 2887">
    <p class='ocr_par' dir='ltr' id='par_1_18' title="bbox 1744 2841 1804 2887">
     <span class='ocr_line' id='line_1_34' title="bbox 1744 2841 1804 2887; baseline 0 0"><span class='ocrx_word' id='word_1_152' title='bbox 1744 2841 1804 2887; x_wconf 88' lang='lat'>15</span> 
     </span>
    </p>
   </div>
  </div>
 </body>
</html>
