<?xml version="1.0" encoding="UTF-8"?>
<!DOCTYPE html PUBLIC "-//W3C//DTD XHTML 1.0 Transitional//EN"
    "http://www.w3.org/TR/xhtml1/DTD/xhtml1-transitional.dtd">
<html xmlns="http://www.w3.org/1999/xhtml" xml:lang="en" lang="en">
 <head>
  <title>
</title>
<meta http-equiv="Content-Type" content="text/html;charset=utf-8" />
  <meta name='ocr-system' content='tesseract 3.04.00' />
  <meta name='ocr-capabilities' content='ocr_page ocr_carea ocr_par ocr_line ocrx_word'/>
</head>
<body>
  <div class='ocr_page' id='page_1' title='image "./quintihoratiifla1928hora_0225.png"; bbox 0 0 1894 3188; ppageno 0'>
   <div class='ocr_carea' id='block_1_1' title="bbox 558 95 1170 137">
    <p class='ocr_par' dir='ltr' id='par_1_1' title="bbox 558 95 1170 137">
     <span class='ocr_line' id='line_1_1' title="bbox 558 95 1170 137; baseline -0.003 -1"><span class='ocrx_word' id='word_1_1' title='bbox 558 96 964 137; x_wconf 87' lang='lat' dir='ltr'>EPISTOLARUM</span> <span class='ocrx_word' id='word_1_2' title='bbox 995 95 1107 136; x_wconf 89' lang='lat' dir='ltr'><strong>LIB.</strong></span> <span class='ocrx_word' id='word_1_3' title='bbox 1138 97 1170 135; x_wconf 89' lang='grc' dir='ltr'>Ι.</span> 
     </span>
    </p>
   </div>
   <div class='ocr_carea' id='block_1_2' title="bbox 1567 102 1669 148">
    <p class='ocr_par' dir='ltr' id='par_1_2' title="bbox 1567 102 1669 148">
     <span class='ocr_line' id='line_1_2' title="bbox 1567 102 1669 148; baseline 0 0"><span class='ocrx_word' id='word_1_4' title='bbox 1567 102 1669 148; x_wconf 72' lang='lat'>215</span> 
     </span>
    </p>
   </div>
   <div class='ocr_carea' id='block_1_3' title="bbox 135 220 1581 287">
    <p class='ocr_par' dir='ltr' id='par_1_3' title="bbox 135 220 1581 287">
     <span class='ocr_line' id='line_1_3' title="bbox 135 220 1581 287; baseline -0.001 -17"><span class='ocrx_word' id='word_1_5' title='bbox 135 223 407 287; x_wconf 84' lang='lat' dir='ltr'>Ambigitur</span> <span class='ocrx_word' id='word_1_6' title='bbox 430 222 543 285; x_wconf 90' lang='lat' dir='ltr'>quid</span> <span class='ocrx_word' id='word_1_7' title='bbox 566 223 695 269; x_wconf 89' lang='lat' dir='ltr'>enim</span> <span class='ocrx_word' id='word_1_8' title='bbox 714 224 732 268; x_wconf 66' lang='grc' dir='ltr'>ἵ</span> <span class='ocrx_word' id='word_1_9' title='bbox 769 222 939 270; x_wconf 85' lang='lat' dir='ltr'>Castor</span> <span class='ocrx_word' id='word_1_10' title='bbox 963 222 1083 270; x_wconf 89' lang='lat' dir='ltr'>sciat</span> <span class='ocrx_word' id='word_1_11' title='bbox 1106 237 1167 268; x_wconf 88' lang='lat' dir='ltr'>an</span> <span class='ocrx_word' id='word_1_12' title='bbox 1193 220 1423 269; x_wconf 85' lang='lat' dir='ltr'>Dolichos</span> <span class='ocrx_word' id='word_1_13' title='bbox 1444 221 1581 284; x_wconf 83' lang='lat' dir='ltr'>plus3</span> 
     </span>
    </p>
   </div>
   <div class='ocr_carea' id='block_1_4' title="bbox 141 305 1410 368">
    <p class='ocr_par' dir='ltr' id='par_1_4' title="bbox 141 305 1410 368">
     <span class='ocr_line' id='line_1_4' title="bbox 141 305 1410 368; baseline -0.002 -13"><span class='ocrx_word' id='word_1_14' title='bbox 141 307 467 355; x_wconf 88' lang='lat' dir='ltr'><strong>Brundusium</strong></span> <span class='ocrx_word' id='word_1_15' title='bbox 492 306 679 354; x_wconf 72' lang='lat' dir='ltr'>Minuci</span> <span class='ocrx_word' id='word_1_16' title='bbox 703 306 874 354; x_wconf 80' lang='lat' dir='ltr'>melius</span> <span class='ocrx_word' id='word_1_17' title='bbox 897 307 973 354; x_wconf 89' lang='lat' dir='ltr'>via</span> <span class='ocrx_word' id='word_1_18' title='bbox 995 307 1155 362; x_wconf 87' lang='lat' dir='ltr'>ducat,</span> <span class='ocrx_word' id='word_1_19' title='bbox 1180 321 1241 352; x_wconf 90' lang='lat' dir='ltr'>an</span> <span class='ocrx_word' id='word_1_20' title='bbox 1266 305 1410 368; x_wconf 75' lang='lat' dir='ltr'>Appi.</span> 
     </span>
    </p>
   </div>
   <div class='ocr_carea' id='block_1_5' title="bbox 201 390 1540 453">
    <p class='ocr_par' dir='ltr' id='par_1_5' title="bbox 201 390 1540 453">
     <span class='ocr_line' id='line_1_5' title="bbox 201 390 1540 453; baseline -0.002 -13"><span class='ocrx_word' id='word_1_21' title='bbox 201 390 366 442; x_wconf 79' lang='lat' dir='ltr'>Quem</span> <span class='ocrx_word' id='word_1_22' title='bbox 390 393 618 438; x_wconf 88' lang='lat' dir='ltr'>damnosa</span> <span class='ocrx_word' id='word_1_23' title='bbox 640 391 824 446; x_wconf 90' lang='lat' dir='ltr'>Venus,</span> <span class='ocrx_word' id='word_1_24' title='bbox 851 407 992 452; x_wconf 92' lang='lat' dir='ltr'>quem</span> <span class='ocrx_word' id='word_1_25' title='bbox 1015 405 1228 453; x_wconf 85' lang='lat' dir='ltr'>praeceps</span> <span class='ocrx_word' id='word_1_26' title='bbox 1252 390 1355 437; x_wconf 89' lang='lat' dir='ltr'>alea</span> <span class='ocrx_word' id='word_1_27' title='bbox 1377 390 1540 448; x_wconf 91' lang='lat' dir='ltr'>nudat,</span> 
     </span>
    </p>
   </div>
   <div class='ocr_carea' id='block_1_6' title="bbox 136 473 1479 3049">
    <p class='ocr_par' dir='ltr' id='par_1_6' title="bbox 136 473 1479 3049">
     <span class='ocr_line' id='line_1_6' title="bbox 140 473 1253 537; baseline -0.002 -15"><span class='ocrx_word' id='word_1_28' title='bbox 140 474 304 522; x_wconf 81' lang='lat' dir='ltr'>Gloria</span> <span class='ocrx_word' id='word_1_29' title='bbox 327 491 466 537; x_wconf 92' lang='lat' dir='ltr'>quem</span> <span class='ocrx_word' id='word_1_30' title='bbox 489 490 631 536; x_wconf 89' lang='lat' dir='ltr'>supra</span> <span class='ocrx_word' id='word_1_31' title='bbox 657 474 776 520; x_wconf 88' lang='lat' dir='ltr'>vires</span> <span class='ocrx_word' id='word_1_32' title='bbox 799 483 847 520; x_wconf 93' lang='lat' dir='ltr'>et</span> <span class='ocrx_word' id='word_1_33' title='bbox 870 474 1008 521; x_wconf 87' lang='lat' dir='ltr'>vestit</span> <span class='ocrx_word' id='word_1_34' title='bbox 1031 482 1078 520; x_wconf 95' lang='lat' dir='ltr'>et</span> <span class='ocrx_word' id='word_1_35' title='bbox 1101 473 1253 537; x_wconf 85' lang='lat' dir='ltr'>ungit,</span> 
     </span>
     <span class='ocr_line' id='line_1_7' title="bbox 136 557 1364 621; baseline -0.002 -15"><span class='ocrx_word' id='word_1_36' title='bbox 136 557 300 608; x_wconf 79' lang='lat' dir='ltr'>Quem</span> <span class='ocrx_word' id='word_1_37' title='bbox 324 567 454 606; x_wconf 90' lang='lat' dir='ltr'>tenet</span> <span class='ocrx_word' id='word_1_38' title='bbox 477 557 661 621; x_wconf 84' lang='lat' dir='ltr'>argenti</span> <span class='ocrx_word' id='word_1_39' title='bbox 687 557 788 603; x_wconf 89' lang='lat' dir='ltr'>sitis</span> <span class='ocrx_word' id='word_1_40' title='bbox 813 558 1081 619; x_wconf 88' lang='lat' dir='ltr'>importuna</span> <span class='ocrx_word' id='word_1_41' title='bbox 1106 557 1364 618; x_wconf 85' lang='lat' dir='ltr'>famesque,</span> 
     </span>
     <span class='ocr_line' id='line_1_8' title="bbox 137 640 1390 705; baseline -0.003 -15"><span class='ocrx_word' id='word_1_42' title='bbox 137 641 301 692; x_wconf 78' lang='lat' dir='ltr'>Quem</span> <span class='ocrx_word' id='word_1_43' title='bbox 325 641 611 705; x_wconf 85' lang='lat' dir='ltr'><strong>paupertatis</strong></span> <span class='ocrx_word' id='word_1_44' title='bbox 635 641 786 704; x_wconf 92' lang='lat' dir='ltr'>pudor</span> <span class='ocrx_word' id='word_1_45' title='bbox 810 649 858 688; x_wconf 93' lang='lat' dir='ltr'>et</span> <span class='ocrx_word' id='word_1_46' title='bbox 882 640 1010 703; x_wconf 86' lang='lat' dir='ltr'>fuga,</span> <span class='ocrx_word' id='word_1_47' title='bbox 1037 640 1169 686; x_wconf 90' lang='lat' dir='ltr'>dives</span> <span class='ocrx_word' id='word_1_48' title='bbox 1193 641 1390 699; x_wconf 90' lang='lat' dir='ltr'>amicus,</span> 
     </span>
     <span class='ocr_line' id='line_1_9' title="bbox 141 724 1344 788; baseline -0.002 -16"><span class='ocrx_word' id='word_1_49' title='bbox 141 726 279 788; x_wconf 73' lang='lat' dir='ltr'>Saepe</span> <span class='ocrx_word' id='word_1_50' title='bbox 305 726 468 773; x_wconf 88' lang='lat' dir='ltr'>decem</span> <span class='ocrx_word' id='word_1_51' title='bbox 495 725 619 772; x_wconf 90' lang='lat' dir='ltr'>vitiis</span> <span class='ocrx_word' id='word_1_52' title='bbox 644 724 932 783; x_wconf 79' lang='lat' dir='ltr'>instructior,</span> <span class='ocrx_word' id='word_1_53' title='bbox 959 724 1059 771; x_wconf 90' lang='lat' dir='ltr'>odit</span> <span class='ocrx_word' id='word_1_54' title='bbox 1083 733 1130 771; x_wconf 93' lang='lat' dir='ltr'>et</span> <span class='ocrx_word' id='word_1_55' title='bbox 1154 725 1344 771; x_wconf 88' lang='lat' dir='ltr'>horret:</span> 
     </span>
     <span class='ocr_line' id='line_1_10' title="bbox 141 808 1332 871; baseline -0.001 -16"><span class='ocrx_word' id='word_1_56' title='bbox 141 809 256 868; x_wconf 89' lang='lat' dir='ltr'>Aut,</span> <span class='ocrx_word' id='word_1_57' title='bbox 283 809 321 855; x_wconf 90' lang='lat' dir='ltr'>si</span> <span class='ocrx_word' id='word_1_58' title='bbox 345 825 439 856; x_wconf 85' lang='lat' dir='ltr'>non</span> <span class='ocrx_word' id='word_1_59' title='bbox 463 809 577 868; x_wconf 89' lang='lat' dir='ltr'>odit,</span> <span class='ocrx_word' id='word_1_60' title='bbox 602 808 757 871; x_wconf 81' lang='lat' dir='ltr'>regit3</span> <span class='ocrx_word' id='word_1_61' title='bbox 794 825 866 867; x_wconf 85' lang='lat' dir='ltr'>ac,</span> <span class='ocrx_word' id='word_1_62' title='bbox 891 808 1037 855; x_wconf 84' lang='lat' dir='ltr'>veluti</span> <span class='ocrx_word' id='word_1_63' title='bbox 1063 808 1142 870; x_wconf 89' lang='lat' dir='ltr'>pia</span> <span class='ocrx_word' id='word_1_64' title='bbox 1165 816 1332 866; x_wconf 88' lang='lat' dir='ltr'>mater,</span> 
     </span>
     <span class='ocr_line' id='line_1_11' title="bbox 142 891 1390 954; baseline -0.002 -15"><span class='ocrx_word' id='word_1_65' title='bbox 142 892 255 939; x_wconf 91' lang='lat' dir='ltr'>Plus</span> <span class='ocrx_word' id='word_1_66' title='bbox 279 891 419 954; x_wconf 72' lang='lat' dir='ltr'>quam</span> <span class='ocrx_word' id='word_1_67' title='bbox 444 909 494 939; x_wconf 90' lang='lat' dir='ltr'>se</span> <span class='ocrx_word' id='word_1_68' title='bbox 519 909 683 954; x_wconf 82' lang='lat' dir='ltr'>sapere</span> <span class='ocrx_word' id='word_1_69' title='bbox 709 900 757 938; x_wconf 91' lang='lat' dir='ltr'>et</span> <span class='ocrx_word' id='word_1_70' title='bbox 780 892 1032 939; x_wconf 88' lang='lat' dir='ltr'>virtutibus</span> <span class='ocrx_word' id='word_1_71' title='bbox 1058 908 1162 938; x_wconf 86' lang='lat' dir='ltr'>esse</span> <span class='ocrx_word' id='word_1_72' title='bbox 1186 891 1390 954; x_wconf 84' lang='lat' dir='ltr'>priorem</span> 
     </span>
     <span class='ocr_line' id='line_1_12' title="bbox 143 974 1467 1039; baseline -0.002 -17"><span class='ocrx_word' id='word_1_73' title='bbox 143 975 275 1031; x_wconf 86' lang='lat' dir='ltr'><strong>Vult,</strong></span> <span class='ocrx_word' id='word_1_74' title='bbox 301 985 348 1022; x_wconf 92' lang='lat' dir='ltr'>et</span> <span class='ocrx_word' id='word_1_75' title='bbox 372 976 436 1022; x_wconf 90' lang='lat' dir='ltr'>ait</span> <span class='ocrx_word' id='word_1_76' title='bbox 458 975 600 1038; x_wconf 74' lang='lat' dir='ltr'>prope</span> <span class='ocrx_word' id='word_1_77' title='bbox 625 992 736 1022; x_wconf 85' lang='lat' dir='ltr'>vera</span> <span class='ocrx_word' id='word_1_78' title='bbox 756 993 766 1021; x_wconf 93' lang='lat'><strong>:</strong></span> <span class='ocrx_word' id='word_1_79' title='bbox 805 983 835 1004; x_wconf 80' lang='lat'>‘⁴</span> <span class='ocrx_word' id='word_1_80' title='bbox 853 976 980 1022; x_wconf 86' lang='lat' dir='ltr'>Meae</span> <span class='ocrx_word' id='word_1_81' title='bbox 1010 974 1323 1038; x_wconf 80' lang='lat' dir='ltr'>(contendere</span> <span class='ocrx_word' id='word_1_82' title='bbox 1346 974 1467 1039; x_wconf 88' lang='lat' dir='ltr'>noli)</span> 
     </span>
     <span class='ocr_line' id='line_1_13' title="bbox 144 1060 1399 1122; baseline 0 -16"><span class='ocrx_word' id='word_1_83' title='bbox 144 1060 403 1106; x_wconf 86' lang='lat' dir='ltr'>Stultitiam</span> <span class='ocrx_word' id='word_1_84' title='bbox 427 1060 669 1122; x_wconf 88' lang='lat' dir='ltr'>patiuntur</span> <span class='ocrx_word' id='word_1_85' title='bbox 693 1075 835 1122; x_wconf 81' lang='lat' dir='ltr'>opes3</span> <span class='ocrx_word' id='word_1_86' title='bbox 873 1060 958 1106; x_wconf 90' lang='lat' dir='ltr'>tibi</span> <span class='ocrx_word' id='word_1_87' title='bbox 981 1060 1179 1121; x_wconf 88' lang='lat' dir='ltr'>parvula</span> <span class='ocrx_word' id='word_1_88' title='bbox 1202 1075 1277 1106; x_wconf 91' lang='lat' dir='ltr'>res</span> <span class='ocrx_word' id='word_1_89' title='bbox 1300 1067 1399 1106; x_wconf 89' lang='lat' dir='ltr'>est:</span> 
     </span>
     <span class='ocr_line' id='line_1_14' title="bbox 145 1143 1479 1206; baseline -0.001 -16"><span class='ocrx_word' id='word_1_90' title='bbox 145 1143 296 1190; x_wconf 87' lang='lat' dir='ltr'>Arcta</span> <span class='ocrx_word' id='word_1_91' title='bbox 319 1144 458 1191; x_wconf 90' lang='lat' dir='ltr'>decet</span> <span class='ocrx_word' id='word_1_92' title='bbox 482 1160 649 1190; x_wconf 88' lang='lat' dir='ltr'>sanum</span> <span class='ocrx_word' id='word_1_93' title='bbox 674 1144 896 1190; x_wconf 89' lang='lat' dir='ltr'>comitem</span> <span class='ocrx_word' id='word_1_94' title='bbox 921 1153 1029 1206; x_wconf 81' lang='lat' dir='ltr'>toga</span> <span class='ocrx_word' id='word_1_95' title='bbox 1051 1160 1063 1200; x_wconf 81' lang='lat'><em>3</em></span> <span class='ocrx_word' id='word_1_96' title='bbox 1101 1144 1265 1190; x_wconf 90' lang='lat' dir='ltr'>desine</span> <span class='ocrx_word' id='word_1_97' title='bbox 1290 1158 1479 1190; x_wconf 89' lang='lat' dir='ltr'>mecum</span> 
     </span>
     <span class='ocr_line' id='line_1_15' title="bbox 145 1227 1449 1290; baseline -0.001 -16"><span class='ocrx_word' id='word_1_98' title='bbox 145 1228 391 1274; x_wconf 86' lang='lat' dir='ltr'>Certare.’&#39;</span> <span class='ocrx_word' id='word_1_99' title='bbox 461 1228 747 1290; x_wconf 83' lang='lat' dir='ltr'>Eutrapelus</span> <span class='ocrx_word' id='word_1_100' title='bbox 772 1227 1042 1289; x_wconf 89' lang='lat' dir='ltr'>cuicunque</span> <span class='ocrx_word' id='word_1_101' title='bbox 1066 1243 1240 1274; x_wconf 92' lang='lat' dir='ltr'>nocere</span> <span class='ocrx_word' id='word_1_102' title='bbox 1264 1227 1449 1274; x_wconf 88' lang='lat' dir='ltr'>volebat</span> 
     </span>
     <span class='ocr_line' id='line_1_16' title="bbox 144 1311 1371 1374; baseline 0 -16"><span class='ocrx_word' id='word_1_103' title='bbox 144 1312 445 1358; x_wconf 83' lang='lat' dir='ltr'>Vestimenta</span> <span class='ocrx_word' id='word_1_104' title='bbox 468 1313 609 1358; x_wconf 92' lang='lat' dir='ltr'>dabat</span> <span class='ocrx_word' id='word_1_105' title='bbox 633 1312 850 1374; x_wconf 90' lang='lat' dir='ltr'>pretiosa.</span> <span class='ocrx_word' id='word_1_106' title='bbox 919 1312 1099 1358; x_wconf 90' lang='lat' dir='ltr'>Beatus</span> <span class='ocrx_word' id='word_1_107' title='bbox 1123 1311 1250 1358; x_wconf 89' lang='lat' dir='ltr'>enim</span> <span class='ocrx_word' id='word_1_108' title='bbox 1273 1312 1371 1374; x_wconf 89' lang='lat' dir='ltr'>jam</span> 
     </span>
     <span class='ocr_line' id='line_1_17' title="bbox 145 1394 1479 1457; baseline -0.001 -15"><span class='ocrx_word' id='word_1_109' title='bbox 145 1394 269 1442; x_wconf 91' lang='lat' dir='ltr'>Cum</span> <span class='ocrx_word' id='word_1_110' title='bbox 293 1395 502 1457; x_wconf 85' lang='lat' dir='ltr'>pulchris</span> <span class='ocrx_word' id='word_1_111' title='bbox 526 1396 702 1442; x_wconf 89' lang='lat' dir='ltr'>tunicis</span> <span class='ocrx_word' id='word_1_112' title='bbox 727 1404 881 1442; x_wconf 84' lang='lat' dir='ltr'>sumet</span> <span class='ocrx_word' id='word_1_113' title='bbox 904 1412 1025 1442; x_wconf 87' lang='lat' dir='ltr'>nova</span> <span class='ocrx_word' id='word_1_114' title='bbox 1050 1395 1249 1442; x_wconf 88' lang='lat' dir='ltr'>consilia</span> <span class='ocrx_word' id='word_1_115' title='bbox 1271 1403 1319 1441; x_wconf 88' lang='lat' dir='ltr'>et</span> <span class='ocrx_word' id='word_1_116' title='bbox 1343 1410 1479 1457; x_wconf 79' lang='lat' dir='ltr'>spes3</span> 
     </span>
     <span class='ocr_line' id='line_1_18' title="bbox 145 1478 1392 1541; baseline -0.002 -15"><span class='ocrx_word' id='word_1_117' title='bbox 145 1478 364 1527; x_wconf 89' lang='lat' dir='ltr'>Dormiet</span> <span class='ocrx_word' id='word_1_118' title='bbox 387 1479 435 1525; x_wconf 90' lang='lat' dir='ltr'>in</span> <span class='ocrx_word' id='word_1_119' title='bbox 461 1480 648 1536; x_wconf 82' lang='lat' dir='ltr'>lucem3</span> <span class='ocrx_word' id='word_1_120' title='bbox 686 1489 841 1526; x_wconf 89' lang='lat' dir='ltr'>scorto</span> <span class='ocrx_word' id='word_1_121' title='bbox 864 1488 1116 1541; x_wconf 90' lang='lat' dir='ltr'>postponet</span> <span class='ocrx_word' id='word_1_122' title='bbox 1141 1480 1392 1525; x_wconf 89' lang='lat' dir='ltr'>honestum</span> 
     </span>
     <span class='ocr_line' id='line_1_19' title="bbox 146 1561 1347 1625; baseline -0.002 -15"><span class='ocrx_word' id='word_1_123' title='bbox 146 1562 400 1620; x_wconf 84' lang='lat' dir='ltr'>Officium3</span> <span class='ocrx_word' id='word_1_124' title='bbox 439 1579 658 1611; x_wconf 89' lang='lat' dir='ltr'>nummos</span> <span class='ocrx_word' id='word_1_125' title='bbox 683 1563 862 1610; x_wconf 90' lang='lat' dir='ltr'>alienos</span> <span class='ocrx_word' id='word_1_126' title='bbox 885 1561 1048 1625; x_wconf 87' lang='lat' dir='ltr'>pascet</span> <span class='ocrx_word' id='word_1_127' title='bbox 1069 1580 1079 1620; x_wconf 84' lang='lat'><em>3</em></span> <span class='ocrx_word' id='word_1_128' title='bbox 1117 1563 1175 1609; x_wconf 89' lang='lat' dir='ltr'>ad</span> <span class='ocrx_word' id='word_1_129' title='bbox 1201 1563 1347 1609; x_wconf 90' lang='lat' dir='ltr'>imum</span> 
     </span>
     <span class='ocr_line' id='line_1_20' title="bbox 147 1646 1402 1709; baseline -0.002 -15"><span class='ocrx_word' id='word_1_130' title='bbox 147 1647 315 1694; x_wconf 85' lang='lat' dir='ltr'>Thrax</span> <span class='ocrx_word' id='word_1_131' title='bbox 338 1647 440 1706; x_wconf 88' lang='lat' dir='ltr'>erit,</span> <span class='ocrx_word' id='word_1_132' title='bbox 467 1656 547 1693; x_wconf 90' lang='lat' dir='ltr'>aut</span> <span class='ocrx_word' id='word_1_133' title='bbox 570 1647 748 1694; x_wconf 89' lang='lat' dir='ltr'>olitoris</span> <span class='ocrx_word' id='word_1_134' title='bbox 774 1655 882 1709; x_wconf 82' lang='lat' dir='ltr'>aget</span> <span class='ocrx_word' id='word_1_135' title='bbox 907 1647 1126 1693; x_wconf 86' lang='lat' dir='ltr'>mercede</span> <span class='ocrx_word' id='word_1_136' title='bbox 1151 1646 1402 1693; x_wconf 88' lang='lat' dir='ltr'>caballum.</span> 
     </span>
     <span class='ocr_line' id='line_1_21' title="bbox 214 1730 1465 1793; baseline 0 -16"><span class='ocrx_word' id='word_1_137' title='bbox 214 1731 463 1777; x_wconf 85' lang='lat' dir='ltr'>Arcanum</span> <span class='ocrx_word' id='word_1_138' title='bbox 487 1747 641 1793; x_wconf 90' lang='lat' dir='ltr'>neque</span> <span class='ocrx_word' id='word_1_139' title='bbox 665 1740 716 1778; x_wconf 93' lang='lat' dir='ltr'>tu</span> <span class='ocrx_word' id='word_1_140' title='bbox 742 1730 1033 1778; x_wconf 86' lang='lat' dir='ltr'>scrutaberis</span> <span class='ocrx_word' id='word_1_141' title='bbox 1058 1730 1200 1777; x_wconf 88' lang='lat' dir='ltr'>ullius</span> <span class='ocrx_word' id='word_1_142' title='bbox 1225 1747 1465 1792; x_wconf 79' lang='lat' dir='ltr'>unquam3</span> 
     </span>
     <span class='ocr_line' id='line_1_22' title="bbox 151 1814 1286 1878; baseline 0 -18"><span class='ocrx_word' id='word_1_143' title='bbox 151 1814 562 1876; x_wconf 88' lang='lat' dir='ltr'>Commissumque</span> <span class='ocrx_word' id='word_1_144' title='bbox 587 1825 733 1878; x_wconf 82' lang='lat' dir='ltr'>teges,</span> <span class='ocrx_word' id='word_1_145' title='bbox 760 1824 808 1862; x_wconf 92' lang='lat' dir='ltr'>et</span> <span class='ocrx_word' id='word_1_146' title='bbox 831 1815 941 1861; x_wconf 82' lang='lat' dir='ltr'>vino</span> <span class='ocrx_word' id='word_1_147' title='bbox 965 1823 1114 1861; x_wconf 87' lang='lat' dir='ltr'>tortus</span> <span class='ocrx_word' id='word_1_148' title='bbox 1133 1824 1181 1861; x_wconf 92' lang='lat' dir='ltr'>et</span> <span class='ocrx_word' id='word_1_149' title='bbox 1203 1814 1286 1861; x_wconf 65' lang='lat' dir='ltr'>ira.</span> 
     </span>
     <span class='ocr_line' id='line_1_23' title="bbox 150 1897 1399 1959; baseline -0.001 -15"><span class='ocrx_word' id='word_1_150' title='bbox 150 1897 258 1944; x_wconf 86' lang='lat' dir='ltr'>Nee</span> <span class='ocrx_word' id='word_1_151' title='bbox 282 1907 362 1944; x_wconf 87' lang='lat' dir='ltr'>tua</span> <span class='ocrx_word' id='word_1_152' title='bbox 384 1898 599 1944; x_wconf 87' lang='lat' dir='ltr'>laudabis</span> <span class='ocrx_word' id='word_1_153' title='bbox 624 1899 794 1954; x_wconf 87' lang='lat' dir='ltr'>studia,</span> <span class='ocrx_word' id='word_1_154' title='bbox 821 1907 902 1944; x_wconf 90' lang='lat' dir='ltr'>aut</span> <span class='ocrx_word' id='word_1_155' title='bbox 926 1899 1084 1944; x_wconf 87' lang='lat' dir='ltr'>aliena</span> <span class='ocrx_word' id='word_1_156' title='bbox 1107 1897 1365 1959; x_wconf 69' lang='lat' dir='ltr'>reprendes</span> <span class='ocrx_word' id='word_1_157' title='bbox 1386 1915 1399 1954; x_wconf 74' lang='grc' dir='ltr'><strong>ς</strong></span> 
     </span>
     <span class='ocr_line' id='line_1_24' title="bbox 151 1981 1352 2044; baseline -0.002 -16"><span class='ocrx_word' id='word_1_158' title='bbox 151 1981 276 2036; x_wconf 85' lang='lat' dir='ltr'>Nec,</span> <span class='ocrx_word' id='word_1_159' title='bbox 302 1997 445 2042; x_wconf 91' lang='lat' dir='ltr'>quum</span> <span class='ocrx_word' id='word_1_160' title='bbox 471 1982 630 2027; x_wconf 84' lang='lat' dir='ltr'>venari</span> <span class='ocrx_word' id='word_1_161' title='bbox 654 1982 779 2028; x_wconf 87' lang='lat' dir='ltr'>volet</span> <span class='ocrx_word' id='word_1_162' title='bbox 803 1982 897 2036; x_wconf 90' lang='lat' dir='ltr'>ille,</span> <span class='ocrx_word' id='word_1_163' title='bbox 918 1984 1141 2044; x_wconf 75' lang='lat' dir='ltr'>poemata</span> <span class='ocrx_word' id='word_1_164' title='bbox 1159 1997 1352 2043; x_wconf 83' lang='lat' dir='ltr'>panges.</span> 
     </span>
     <span class='ocr_line' id='line_1_25' title="bbox 151 2064 1440 2127; baseline -0.001 -15"><span class='ocrx_word' id='word_1_165' title='bbox 151 2066 316 2112; x_wconf 91' lang='lat' dir='ltr'>Gratia</span> <span class='ocrx_word' id='word_1_166' title='bbox 340 2065 409 2111; x_wconf 89' lang='lat' dir='ltr'>sic</span> <span class='ocrx_word' id='word_1_167' title='bbox 434 2065 629 2111; x_wconf 88' lang='lat' dir='ltr'>fratrum</span> <span class='ocrx_word' id='word_1_168' title='bbox 653 2065 965 2127; x_wconf 81' lang='lat' dir='ltr'>geminorum,</span> <span class='ocrx_word' id='word_1_169' title='bbox 993 2064 1277 2126; x_wconf 84' lang='lat' dir='ltr'>Amphionis</span> <span class='ocrx_word' id='word_1_170' title='bbox 1301 2074 1440 2126; x_wconf 87' lang='lat' dir='ltr'>atque</span> 
     </span>
     <span class='ocr_line' id='line_1_26' title="bbox 154 2149 1171 2210; baseline -0.001 -15"><span class='ocrx_word' id='word_1_171' title='bbox 154 2149 317 2203; x_wconf 87' lang='lat' dir='ltr'>Zethi,</span> <span class='ocrx_word' id='word_1_172' title='bbox 344 2149 560 2207; x_wconf 85' lang='lat' dir='ltr'>dissiluit,</span> <span class='ocrx_word' id='word_1_173' title='bbox 587 2149 739 2195; x_wconf 90' lang='lat' dir='ltr'>donec</span> <span class='ocrx_word' id='word_1_174' title='bbox 765 2158 985 2210; x_wconf 86' lang='lat' dir='ltr'>suspecta</span> <span class='ocrx_word' id='word_1_175' title='bbox 1009 2163 1171 2194; x_wconf 88' lang='lat' dir='ltr'>severo</span> 
     </span>
     <span class='ocr_line' id='line_1_27' title="bbox 154 2231 1289 2296; baseline -0.001 -17"><span class='ocrx_word' id='word_1_176' title='bbox 154 2232 400 2279; x_wconf 89' lang='lat' dir='ltr'>Conticuit</span> <span class='ocrx_word' id='word_1_177' title='bbox 423 2233 535 2293; x_wconf 86' lang='lat' dir='ltr'>lyra.</span> <span class='ocrx_word' id='word_1_178' title='bbox 605 2231 849 2278; x_wconf 88' lang='lat' dir='ltr'>Fraternis</span> <span class='ocrx_word' id='word_1_179' title='bbox 872 2232 1072 2279; x_wconf 85' lang='lat' dir='ltr'>cessisse</span> <span class='ocrx_word' id='word_1_180' title='bbox 1100 2241 1289 2296; x_wconf 89' lang='lat' dir='ltr'>putatur</span> 
     </span>
     <span class='ocr_line' id='line_1_28' title="bbox 153 2316 1291 2378; baseline -0.001 -15"><span class='ocrx_word' id='word_1_181' title='bbox 153 2317 370 2363; x_wconf 91' lang='lat' dir='ltr'>Moribus</span> <span class='ocrx_word' id='word_1_182' title='bbox 395 2317 634 2378; x_wconf 89' lang='lat' dir='ltr'>Amphion</span> <span class='ocrx_word' id='word_1_183' title='bbox 656 2332 666 2362; x_wconf 91' lang='lat'>:</span> <span class='ocrx_word' id='word_1_184' title='bbox 702 2325 751 2362; x_wconf 88' lang='lat' dir='ltr'>tu</span> <span class='ocrx_word' id='word_1_185' title='bbox 777 2317 895 2363; x_wconf 84' lang='lat' dir='ltr'>cede</span> <span class='ocrx_word' id='word_1_186' title='bbox 919 2316 1124 2378; x_wconf 90' lang='lat' dir='ltr'>potentis</span> <span class='ocrx_word' id='word_1_187' title='bbox 1149 2316 1291 2362; x_wconf 87' lang='lat' dir='ltr'>amici</span> 
     </span>
     <span class='ocr_line' id='line_1_29' title="bbox 153 2399 1372 2464; baseline 0 -18"><span class='ocrx_word' id='word_1_188' title='bbox 153 2400 365 2447; x_wconf 88' lang='lat' dir='ltr'>Lenibus</span> <span class='ocrx_word' id='word_1_189' title='bbox 390 2400 629 2462; x_wconf 82' lang='lat' dir='ltr'>imperiis3</span> <span class='ocrx_word' id='word_1_190' title='bbox 662 2399 938 2462; x_wconf 88' lang='lat' dir='ltr'>quotiesque</span> <span class='ocrx_word' id='word_1_191' title='bbox 963 2400 1137 2446; x_wconf 88' lang='lat' dir='ltr'>educet</span> <span class='ocrx_word' id='word_1_192' title='bbox 1160 2399 1209 2446; x_wconf 90' lang='lat' dir='ltr'>in</span> <span class='ocrx_word' id='word_1_193' title='bbox 1234 2415 1372 2464; x_wconf 83' lang='lat' dir='ltr'>agros</span> 
     </span>
     <span class='ocr_line' id='line_1_30' title="bbox 157 2484 1224 2546; baseline -0.002 -14"><span class='ocrx_word' id='word_1_194' title='bbox 157 2485 328 2532; x_wconf 90' lang='lat' dir='ltr'>AEtolis</span> <span class='ocrx_word' id='word_1_195' title='bbox 351 2493 546 2532; x_wconf 86' lang='lat' dir='ltr'>onerata</span> <span class='ocrx_word' id='word_1_196' title='bbox 568 2484 719 2546; x_wconf 82' lang='lat' dir='ltr'>plagis</span> <span class='ocrx_word' id='word_1_197' title='bbox 738 2484 954 2546; x_wconf 88' lang='lat' dir='ltr'>jumenta</span> <span class='ocrx_word' id='word_1_198' title='bbox 972 2500 1224 2545; x_wconf 87' lang='lat' dir='ltr'>canesque,</span> 
     </span>
     <span class='ocr_line' id='line_1_31' title="bbox 155 2567 1397 2632; baseline -0.002 -17"><span class='ocrx_word' id='word_1_199' title='bbox 155 2570 326 2632; x_wconf 82' lang='lat' dir='ltr'>Surge,</span> <span class='ocrx_word' id='word_1_200' title='bbox 351 2577 398 2614; x_wconf 92' lang='lat' dir='ltr'>et</span> <span class='ocrx_word' id='word_1_201' title='bbox 422 2568 692 2615; x_wconf 86' lang='lat' dir='ltr'>inhumanae</span> <span class='ocrx_word' id='word_1_202' title='bbox 717 2567 903 2614; x_wconf 86' lang='lat' dir='ltr'>senium</span> <span class='ocrx_word' id='word_1_203' title='bbox 928 2569 1112 2630; x_wconf 90' lang='lat' dir='ltr'>depone</span> <span class='ocrx_word' id='word_1_204' title='bbox 1137 2568 1397 2626; x_wconf 87' lang='lat' dir='ltr'>Camoenae,</span> 
     </span>
     <span class='ocr_line' id='line_1_32' title="bbox 155 2652 1333 2714; baseline -0.002 -15"><span class='ocrx_word' id='word_1_205' title='bbox 155 2653 331 2700; x_wconf 89' lang='lat' dir='ltr'>Coenes</span> <span class='ocrx_word' id='word_1_206' title='bbox 355 2662 407 2699; x_wconf 89' lang='lat' dir='ltr'>ut</span> <span class='ocrx_word' id='word_1_207' title='bbox 429 2653 604 2714; x_wconf 83' lang='lat' dir='ltr'>pariter</span> <span class='ocrx_word' id='word_1_208' title='bbox 628 2652 875 2714; x_wconf 89' lang='lat' dir='ltr'>pulmenta</span> <span class='ocrx_word' id='word_1_209' title='bbox 897 2652 1138 2698; x_wconf 90' lang='lat' dir='ltr'>laboribus</span> <span class='ocrx_word' id='word_1_210' title='bbox 1162 2660 1333 2713; x_wconf 90' lang='lat' dir='ltr'>empta.</span> 
     </span>
     <span class='ocr_line' id='line_1_33' title="bbox 155 2735 1230 2798; baseline -0.003 -14"><span class='ocrx_word' id='word_1_211' title='bbox 155 2736 390 2784; x_wconf 86' lang='lat' dir='ltr'>Romanis</span> <span class='ocrx_word' id='word_1_212' title='bbox 413 2737 622 2784; x_wconf 87' lang='lat' dir='ltr'>solemne</span> <span class='ocrx_word' id='word_1_213' title='bbox 647 2736 757 2782; x_wconf 88' lang='lat' dir='ltr'>viris</span> <span class='ocrx_word' id='word_1_214' title='bbox 780 2752 911 2798; x_wconf 86' lang='lat' dir='ltr'>opus,</span> <span class='ocrx_word' id='word_1_215' title='bbox 937 2736 1052 2782; x_wconf 91' lang='lat' dir='ltr'>utile</span> <span class='ocrx_word' id='word_1_216' title='bbox 1078 2735 1230 2790; x_wconf 85' lang='lat' dir='ltr'>samae,</span> 
     </span>
     <span class='ocr_line' id='line_1_34' title="bbox 154 2819 1455 2882; baseline 0.001 -16"><span class='ocrx_word' id='word_1_217' title='bbox 154 2820 370 2881; x_wconf 86' lang='lat' dir='ltr'>Vitaeque</span> <span class='ocrx_word' id='word_1_218' title='bbox 394 2829 442 2866; x_wconf 93' lang='lat' dir='ltr'>et</span> <span class='ocrx_word' id='word_1_219' title='bbox 465 2820 688 2868; x_wconf 86' lang='lat' dir='ltr'>membris</span> <span class='ocrx_word' id='word_1_220' title='bbox 709 2837 722 2876; x_wconf 83' lang='lat'><em>3</em></span> <span class='ocrx_word' id='word_1_221' title='bbox 759 2819 1018 2882; x_wconf 71' lang='lat' dir='ltr'>praesertim</span> <span class='ocrx_word' id='word_1_222' title='bbox 1042 2835 1187 2881; x_wconf 91' lang='lat' dir='ltr'>quum</span> <span class='ocrx_word' id='word_1_223' title='bbox 1211 2819 1382 2879; x_wconf 89' lang='lat' dir='ltr'>valeas,</span> <span class='ocrx_word' id='word_1_224' title='bbox 1406 2828 1455 2867; x_wconf 86' lang='lat' dir='ltr'>et</span> 
     </span>
     <span class='ocr_line' id='line_1_35' title="bbox 154 2903 1377 2966; baseline 0.001 -17"><span class='ocrx_word' id='word_1_225' title='bbox 154 2903 246 2949; x_wconf 90' lang='lat' dir='ltr'>Vel</span> <span class='ocrx_word' id='word_1_226' title='bbox 270 2920 413 2950; x_wconf 90' lang='lat' dir='ltr'>cursu</span> <span class='ocrx_word' id='word_1_227' title='bbox 437 2920 658 2966; x_wconf 88' lang='lat' dir='ltr'>superare</span> <span class='ocrx_word' id='word_1_228' title='bbox 683 2919 867 2962; x_wconf 90' lang='lat' dir='ltr'>canem,</span> <span class='ocrx_word' id='word_1_229' title='bbox 894 2903 966 2950; x_wconf 93' lang='lat' dir='ltr'>vel</span> <span class='ocrx_word' id='word_1_230' title='bbox 993 2903 1169 2950; x_wconf 91' lang='lat' dir='ltr'>viribus</span> <span class='ocrx_word' id='word_1_231' title='bbox 1193 2919 1377 2966; x_wconf 88' lang='lat' dir='ltr'>aprum,</span> 
     </span>
     <span class='ocr_line' id='line_1_36' title="bbox 153 2985 1282 3049; baseline 0.001 -16"><span class='ocrx_word' id='word_1_232' title='bbox 153 2987 338 3033; x_wconf 87' lang='lat' dir='ltr'>Possis:</span> <span class='ocrx_word' id='word_1_233' title='bbox 375 2988 512 3046; x_wconf 78' lang='lat' dir='ltr'>adde,</span> <span class='ocrx_word' id='word_1_234' title='bbox 538 2988 692 3035; x_wconf 85' lang='lat' dir='ltr'>virilia</span> <span class='ocrx_word' id='word_1_235' title='bbox 714 2986 841 3049; x_wconf 74' lang='lat' dir='ltr'>quod</span> <span class='ocrx_word' id='word_1_236' title='bbox 866 2985 1128 3049; x_wconf 73' lang='lat' dir='ltr'>speciosius</span> <span class='ocrx_word' id='word_1_237' title='bbox 1151 3003 1282 3034; x_wconf 86' lang='lat' dir='ltr'>arma</span> 
     </span>
    </p>
   </div>
   <div class='ocr_carea' id='block_1_7' title="bbox 1607 306 1673 353">
    <p class='ocr_par' dir='ltr' id='par_1_7' title="bbox 1607 306 1673 353">
     <span class='ocr_line' id='line_1_37' title="bbox 1607 306 1673 353; baseline 0.015 -1"><span class='ocrx_word' id='word_1_238' title='bbox 1607 306 1673 353; x_wconf 79' lang='lat'>20</span> 
     </span>
    </p>
   </div>
   <div class='ocr_carea' id='block_1_8' title="bbox 1611 1143 1677 1189">
    <p class='ocr_par' dir='ltr' id='par_1_8' title="bbox 1611 1143 1677 1189">
     <span class='ocr_line' id='line_1_38' title="bbox 1611 1143 1677 1189; baseline 0 0"><span class='ocrx_word' id='word_1_239' title='bbox 1611 1143 1677 1189; x_wconf 83' lang='lat'>30</span> 
     </span>
    </p>
   </div>
   <div class='ocr_carea' id='block_1_9' title="bbox 1619 1956 1693 2028">
    <p class='ocr_par' dir='ltr' id='par_1_9' title="bbox 1619 1956 1693 2028">
     <span class='ocr_line' id='line_1_39' title="bbox 1619 1956 1693 2028; baseline 0 0"><span class='ocrx_word' id='word_1_240' title='bbox 1619 1956 1693 2028; x_wconf 79' lang='lat'>40⁷</span> 
     </span>
    </p>
   </div>
   <div class='ocr_carea' id='block_1_10' title="bbox 1617 2401 1683 2448">
    <p class='ocr_par' dir='ltr' id='par_1_10' title="bbox 1617 2401 1683 2448">
     <span class='ocr_line' id='line_1_40' title="bbox 1617 2401 1683 2448; baseline 0 0"><span class='ocrx_word' id='word_1_241' title='bbox 1617 2401 1683 2448; x_wconf 82' lang='lat'>45</span> 
     </span>
    </p>
   </div>
   <div class='ocr_carea' id='block_1_11' title="bbox 1618 2821 1684 2868">
    <p class='ocr_par' dir='ltr' id='par_1_11' title="bbox 1618 2821 1684 2868">
     <span class='ocr_line' id='line_1_41' title="bbox 1618 2821 1684 2868; baseline 0 0"><span class='ocrx_word' id='word_1_242' title='bbox 1618 2821 1684 2868; x_wconf 85' lang='lat'>50</span> 
     </span>
    </p>
   </div>
  </div>
 </body>
</html>
