1894 3188
184 107 252 156 78

716 107 768 154 Q.
795 106 1034 147 HORATII
1061 107 1268 149 FLACCI

519 230 725 293 Dixisse,
753 241 784 263 “
800 231 915 281 Vixi
931 235 959 255 ''
979 250 989 281 :
1026 250 1130 282 cras
1154 235 1227 282 vel
1252 237 1353 284 atra

582 317 729 364 Nube
754 317 915 380 polum
941 318 1080 366 Pater
1104 328 1354 382 occupato,

450 399 542 448 Vel
567 402 665 449 sole
689 419 837 465 puro:
873 419 970 450 non
994 412 1154 451 tamen
1180 404 1366 451 irritum

446 485 790 549 Quodcunque
816 496 942 535 retro
965 497 1037 535 est
1061 488 1236 536 efficiet
1255 506 1266 547 3
1304 504 1462 551 neque

512 569 744 635 Diffinget
769 572 1094 635 infectumque
1119 574 1286 620 reddet

542 719 544 721 Ι
573 654 722 706 Quod
749 656 936 720 fugiens
960 658 1107 704 semel
1133 658 1248 704 hora
1271 657 1412 705 vexit.

451 736 680 796 Fortuna,
707 757 830 788 saevo
853 741 962 788 laeta
986 741 1194 805 negotio,
1221 751 1269 788 et

447 821 639 869 Ludum
663 824 951 872 insolentem
975 826 1139 872 ludere
1163 824 1395 888 pertinax,

508 906 824 955 Transmutat
848 909 1056 956 incertos
1081 911 1300 963 honores,

573 990 723 1038 Nunc
747 991 880 1046 mihi,
907 1007 1039 1038 nunc
1064 992 1142 1038 alii
1168 991 1392 1054 benigna.

444 1073 611 1121 Laudo
635 1082 939 1121 manentem:
977 1075 1015 1121 si
1041 1075 1221 1121 celeres
1246 1075 1396 1136 quatit

443 1158 650 1218 Pennas,
676 1159 870 1223 resigno
894 1175 997 1221 quae
1023 1159 1169 1215 dedit,
1196 1168 1244 1206 et
1266 1160 1372 1205 mea

506 1243 698 1290 Virtute
722 1259 798 1290 me
823 1244 1024 1303 involvo,
1050 1244 1338 1306 probamque

571 1328 857 1391 Pauperiem
882 1327 985 1375 sine
1011 1329 1119 1375 dote
1144 1345 1315 1390 quaero.

441 1411 555 1459 Non
580 1420 651 1458 est
668 1428 844 1471 meum,
871 1412 910 1458 si
935 1412 1117 1475 mugiat
1141 1411 1319 1458 Africis

442 1494 601 1542 Malus
604 1496 860 1558 procellis,
887 1496 949 1542 ad
975 1496 1170 1541 miseras
1193 1510 1360 1557 preces

507 1579 792 1635 Decurrere‚
819 1588 866 1626 et
890 1579 1009 1626 votis
1032 1578 1212 1641 pacisci

569 1663 647 1710 Ne
673 1663 861 1726 Cypriae
885 1663 1140 1725 Tyriaeque
1166 1679 1350 1709 merces

440 1749 637 1795 Addant
661 1764 799 1794 avaro
824 1747 1011 1793 divitias
1035 1749 1167 1793 mari.

438 1833 569 1880 Tum
593 1848 683 1892 me,
711 1832 904 1878 biremis
927 1831 1145 1894 praesidio
1178 1831 1381 1893 scaphae,

505 1915 689 1963 Tutum
714 1931 797 1977 per
822 1915 1015 1977 AEgaeos
1040 1914 1268 1960 tumultus

569 1999 702 2046 Aura
726 1998 846 2045 feret
870 1998 1183 2062 geminusque
1209 1997 1394 2045 Pollux,

791 2453 930 2502 ODE
965 2453 1157 2501 XXIV.

438 2607 602 2655 Eztncn
626 2613 987 2652 monumentum
1013 2620 1103 2650 aere
1127 2603 1396 2666 perennius,

437 2690 703 2754 Regalique
728 2689 820 2736 situ
844 2687 1142 2750 pyramidum
1168 2687 1307 2733 altius
1329 2704 1342 2743 3

440 2774 588 2826 Quod
611 2790 707 2821 non
732 2773 881 2820 imber
905 2772 1040 2830 edax,
1066 2787 1162 2818 non
1188 2770 1365 2833 Aquilo
1390 2770 1623 2833 impotens

436 2858 591 2906 Possit
614 2858 818 2913 diruere,
846 2865 926 2904 aut
953 2855 1312 2904 innumerabilis

437 2942 689 2990 Annorum
715 2942 876 2998 series,
903 2950 950 2989 et
975 2941 1087 3004 fuga
1110 2949 1388 3003 temporum.

437 3026 550 3074 Non
573 3026 727 3075 omnis
751 3026 952 3074 moriar:
988 3025 1228 3088 multaque
1251 3041 1363 3087 pars
1388 3025 1482 3072 mei

1725 405 1793 452 45

1725 823 1791 870 50

1720 1243 1786 1288 55

1719 1662 1782 1708 60
