1894 3188
632 112 940 153 CARMINUM
966 112 1071 151 LIB.
1102 112 1134 151 Ι.

284 241 410 294 Quis
433 241 636 289 Martem
659 237 825 286 tunic&
847 246 1024 286 tectum
1050 238 1356 286 adamantinfi

285 323 444 388 Digne
470 323 742 386 scripserit!
780 332 860 370 aut
882 323 1073 387 pulvere
1097 322 1248 375 Troi'o

284 409 486 472 Nigrum
511 403 798 456 Meri-onen‘!
836 416 916 454 aut
938 423 1025 470 ope
1057 406 1265 453 Palladis

544 492 766 555 Tydiden
797 491 980 555 superis
1002 492 1200 554 parem&

743 911 882 961 obn
916 891 1026 996 vg?

360 1063 425 1094 AD
460 1062 732 1094 MUNATIUM
767 1062 1016 1104 PLANCUM,
1044 1060 1390 1114 CONSULAREM3

1214 1115 1252 1146 Ab:
1294 1117 1308 1145 Σ
1355 1118 1361 1133 s

145 1179 459 1228 LAUDABUNT
485 1180 562 1227 alii
587 1180 762 1226 claram
787 1179 1013 1237 Rhodon,
1041 1188 1121 1225 aut
1145 1147 1426 1242 Mitylenen,

342 1264 442 1311 Aut
466 1264 724 1326 Ephesum,
752 1263 999 1310 bimarisve
1025 1263 1244 1310 Corinthi

146 1346 340 1406 Moenia,
366 1347 438 1394 vel
462 1347 656 1394 Baccho
680 1346 890 1405 ThebaS‚
916 1346 989 1392 vel
1014 1346 1242 1408 Apolline·
1260 1345 1473 1409 Delphos

340 1432 574 1495 Insignes,
601 1439 681 1478 aut
705 1429 940 1477 Thessala
963 1429 1167 1494 Tempe.

144 1518 268 1565 Sunt
289 1516 458 1579 quibus
483 1532 629 1563 unum
654 1531 771 1578 opus
794 1523 866 1561 est
889 1515 1083 1562 intactae
1107 1514 1313 1562 Palladis
1337 1530 1470 1563 arces

337 1600 564 1648 Carmine
587 1607 815 1662 perpetuo
839 1599 1097 1655 celebrare,
1124 1607 1171 1647 et
1259 1585 1268 1593 ⁴

142 1685 361 1748 Undique
385 1686 656 1747 decerptam
681 1684 824 1731 fronti
848 1668 1122 1746 praeponere
1145 1683 1330 1732 olivam.

335 1769 585 1827 Plurimus,
612 1768 658 1815 in
685 1768 716 1814 J
720 1768 890 1815 unonis
916 1768 1158 1828 honorem,

140 1853 319 1916 Aptum
343 1853 460 1900 dicit
483 1852 615 1914 equis
639 1853 809 1915 Argos,
837 1852 1050 1914 ditesque
1077 1852 1323 1915 Mycenas.

333 1936 416 1984 Me
440 1953 530 1984 nec
555 1945 651 1984 tam
674 1926 859 1999 patiens
883 1936 1220 1996 Lacedaemon,

138 2020 245 2068 Nec
264 2029 360 2068 tam
384 2021 585 2068 Larissae
610 2021 845 2084 percussit
868 2037 1064 2084 campus
1088 2020 1271 2083 opimae,

331 2103 494 2156 Quem
519 2105 686 2152 domus
710 2105 946 2175 Albuneae
971 2104 1255 2160 resonantiS,

137 2189 199 2237 Et
220 2204 430 2251 praeceps
454 2189 596 2247 Anio,
622 2205 678 2235 ac
697 2189 904 2235 Tiburni
929 2189 1082 2244 lucus,
1109 2196 1157 2235 et
1176 2188 1270 2234 uda

330 2272 591 2321 Mobilibus
614 2271 825 2335 pomaria
847 2271 972 2318 rivis.

135 2357 287 2404 Albus
311 2365 362 2404 ut
380 2356 580 2403 obscuro
605 2356 818 2418 deterget
841 2355 1005 2402 nubila
1029 2355 1150 2403 coelo

329 2439 468 2503 Saepe
495 2440 667 2496 Notus,
693 2455 845 2502 neque
869 2440 1069 2502 parturit
1093 2440 1268 2488 imbres

133 2523 392 2588 Perpetuos
413 2541 424 2581 3
463 2523 529 2570 sio
554 2532 605 2570 tu
630 2523 820 2586 sapiens
845 2523 980 2570 finire
1005 2532 1244 2571 memento

327 2607 593 2656 Tristitiam
617 2607 816 2669 vitaeque
841 2608 1025 2654 labores

133 2690 283 2748 Molli,
309 2691 500 2751 Plance,
527 2708 657 2738 mero
678 2708 688 2750 ;
726 2708 811 2739 seu
835 2701 881 2740 te
907 2692 1138 2755 fulgentia
1162 2691 1309 2755 signis

325 2775 494 2822 Castra
517 2783 696 2831 tenent,
724 2791 807 2822 seu
831 2776 983 2823 densa
1006 2776 1188 2823 tenebit

131 2856 328 2908 Tiburis
350 2860 518 2906 umbra
542 2860 625 2906 tui.
694 2859 886 2907 Teucer
912 2860 1157 2907 Salamina
1179 2868 1452 2923 patremque

246 2981 252 2992 .
323 2943 490 2995 Quum
516 2944 714 3008 sugeret,
739 2951 901 2992 tamen
925 2945 1019 2993 uda
1053 2945 1199 3007 Lyaeo

1613 407 1671 452 15

1604 1937 1664 2009 ιο

1590 2775 1655 2823 20
