1894 3188
565 103 972 149 EPISTOLARUM
1001 101 1110 141 LIB.
1141 102 1174 139 Ι.

108 216 111 219 .
137 229 337 293 Pinguis
361 237 413 276 ut
436 229 546 276 inde
571 229 763 275 domum
787 228 963 292 possim
987 227 1255 288 Phaeaxque
1279 225 1450 273 reverti
1470 241 1479 270 :

136 314 359 383 Scribere
382 322 429 360 te
453 312 603 371 nobiS‚
631 312 717 359 tibi
742 329 827 359 nos
851 312 1120 369 accredere,
1146 326 1233 372 par
1258 321 1343 356 est.

203 397 424 456 Maenius,
451 405 517 452 ut,
543 397 685 443 rebus
710 396 936 443 maternis
960 404 1098 456 atque
1121 394 1331 456 paternis

135 480 343 528 Fortiter
363 480 640 542 absumptis,
669 480 878 526 urbanus
903 479 1047 541 coepit
1071 478 1249 534 haberi,

134 565 316 611 Scurra
339 580 501 626 vagus,
527 580 622 610 non
648 563 728 624 qui
744 572 928 610 certum
952 578 1162 625 praesepe
1187 570 1385 615 teneret,

133 647 413 710 Impransus
437 664 532 694 non
557 647 636 709 qui
661 647 814 694 civem
839 647 1141 709 dignosceret
1166 646 1315 700 hoste,

129 731 376 782 Quaelibet
399 732 448 778 in
468 731 680 793 quemvis
703 731 954 794 opprobria
976 731 1156 793 fingere
1176 746 1343 784 saevus,

130 815 377 862 Pernicies
401 823 448 861 et
471 824 727 878 tempestas
754 816 1118 876 barathrumque
1142 813 1344 871 macelli,

127 898 380 960 Quidquid
404 899 667 960 quaesierat,
690 899 840 945 ventri
865 898 1075 945 donabat
1095 913 1248 944 avaro.

132 982 245 1041 Hic,
273 983 354 1029 ubi
378 983 600 1044 nequitiae
626 983 888 1029 fautoribus
912 991 959 1029 et
982 981 1160 1028 timidis
1184 981 1250 1027 nil

127 1068 230 1113 Aut
253 1067 445 1129 paulum
471 1067 743 1122 abstulerat,
769 1067 955 1130 patinas
979 1066 1200 1112 coenabat
1222 1065 1386 1119 omasi,

126 1150 249 1197 Vilis
274 1159 322 1197 et
344 1151 549 1214 agninae,
575 1151 724 1198 tribus
750 1151 872 1197 ursis
897 1151 1021 1212 quod
1046 1149 1160 1197 satis
1185 1158 1342 1205 esset3

125 1234 330 1281 Scilicet
353 1244 405 1281 ut
429 1244 617 1281 ventres
641 1235 800 1281 lamna
825 1235 1063 1281 candente
1088 1243 1315 1296 nepotum

124 1316 323 1364 Diceret
347 1319 572 1374 urendos,
599 1327 857 1366 correctus.
927 1318 1133 1365 Maenius
1157 1318 1283 1364 idem

120 1400 374 1463 Quidquid
400 1410 500 1448 erat
524 1410 694 1448 nactus
718 1403 887 1464 praedee
912 1402 1120 1464 majoris,
1147 1402 1229 1448 ubi
1253 1417 1394 1447 omne

1569 104 1671 151 209

1606 393 1672 440 25

1604 813 1671 858 30

1600 1234 1670 1280 35

122 1484 346 1532 Verterat
369 1486 418 1532 in
444 1485 627 1532 sumum
651 1494 699 1532 et
723 1486 949 1544 cinerem,
978 1493 1008 1514 ‘⁶
1027 1485 1140 1532 Non
1166 1484 1358 1531 hercule
1384 1484 1573 1544 miror,''

121 1568 311 1628 Aiebat,
339 1577 369 1598 “
390 1569 429 1616 si
448 1570 528 1631 qui
553 1570 812 1617 comedunt
835 1569 973 1628 bona,
999 1585 1144 1631 quum
1170 1569 1230 1615 sit
1254 1568 1398 1616 obeso

121 1651 204 1699 Nil
230 1653 398 1700 melius
421 1654 573 1713 turdo,
603 1653 669 1700 nil
695 1654 830 1700 vulva
853 1653 1099 1716 pulchrius
1124 1653 1326 1715 amplass’

122 1735 364 1783 Nimirum
388 1738 467 1784 hic
490 1754 580 1801 ego
604 1754 739 1794 sum3
777 1754 891 1784 nam
914 1746 1016 1784 tuta
1040 1745 1087 1783 et
1110 1736 1305 1800 parvula
1327 1736 1484 1792 laudo,

116 1818 288 1870 Quum
312 1836 387 1866 res
411 1821 654 1876 deficiunt,
681 1819 794 1868 satis
821 1821 944 1867 inter
969 1821 1080 1866 vilia
1100 1820 1230 1867 fortis
1252 1837 1262 1865 :

119 1901 312 1961 Verum,
339 1903 421 1949 ubi
445 1904 558 1965 quid
583 1904 752 1950 melius
777 1904 1016 1965 contingit
1039 1911 1088 1949 et
1107 1903 1314 1958 unctius,
1335 1903 1459 1949 idem

120 1985 218 2032 Vos
242 2003 411 2049 sapere
436 1995 484 2033 et
507 1987 630 2034 solos
655 1987 730 2033 aio
754 1987 876 2033 bene
901 1987 1072 2044 vivere,
1096 2002 1296 2047 quorum

115 2068 422 2134 Conspicitur
447 2070 609 2118 nitidis
635 2069 835 2117 fundata
857 2070 1062 2132 pecunia
1086 2070 1221 2117 villis.

579 2485 920 2533 EPISTOLA
955 2486 1095 2533 XVI.

646 2634 712 2664 AD
737 2634 1038 2671 QUINCTIUM.

105 2753 187 2801 ΝΕ
211 2753 518 2816 perconteris,
545 2753 721 2800 fundus
745 2768 892 2811 meus,
918 2752 1094 2814 optime
1117 2752 1338 2810 Quincti,

106 2837 236 2884 Arvo
259 2846 419 2899 pascat
443 2838 627 2892 herum,
654 2853 716 2883 an
742 2835 902 2895 baccis
925 2836 1168 2898 opulentet
1190 2837 1338 2897 olivae,

105 2919 342 2980 Pomisne‚
369 2937 429 2967 an
452 2920 613 2983 pratis,
640 2936 701 2968 an
726 2919 902 2966 amicta
927 2919 1099 2966 vitibus
1125 2919 1283 2978 ulmo3

103 3003 349 3052 Scribetur
373 3005 460 3052 tibi
484 3005 635 3052 forma
657 3003 916 3066 loquaciter
941 3012 989 3051 et
1012 3004 1130 3051 situs
1155 3004 1271 3067 agri.

496 3085 588 3136 18*

1595 1654 1664 1701 ⁷40
