1894 3188
179 95 284 142 214
716 89 767 136 Q.
795 88 1036 128 HORATII
1063 87 1270 133 FLACCI

249 217 352 264 Aut
375 217 545 265 cista-tn
568 216 814 263 effractam
838 224 919 264 aut
943 216 1181 262 subducta
1204 215 1377 263 viatica
1400 216 1568 278 plorat,

247 301 378 348 Nota
400 301 545 348 refert
568 300 832 347 meretricis
857 300 1099 357 acumina,
1125 299 1250 363 saepe
1277 301 1511 360 catellam,

247 385 385 447 Saepe
411 385 743 447 periscelidem
766 394 948 448 raptam
973 385 1064 432 sibi
1087 385 1244 432 flentis
1265 402 1278 443 ς
1315 383 1385 432 uti
1413 402 1524 434 mox

247 468 396 516 Nulla
417 469 536 516 fides
561 470 746 517 damnis
772 470 986 532 verisque
1011 470 1252 517 doloribus
1277 469 1414 517 adsit.

247 551 359 600 Nec
381 553 528 600 semel
554 554 717 600 irrisus
741 554 889 601 triviis
913 554 1125 602 attollere
1149 562 1285 601 curat

247 635 422 684 Fracto
445 653 583 684 crure
606 638 800 700 planum
821 655 835 696 3
871 638 986 686 licet
1009 638 1076 685 illi
1099 638 1305 700 plurima
1329 645 1492 685 manet

248 719 518 782 Lacryma3
553 737 637 783 per
663 730 880 769 sanctum
901 723 1086 785 juratus
1110 723 1239 769 dicat
1259 721 1455 779 Osirim,

249 810 281 832 ‘⁶
302 803 509 863 Credite,
535 820 631 851 non
655 805 768 852 ludo
789 822 802 863 ;
838 807 1070 865 crudeles,
1096 805 1245 853 tollite
1269 805 1542 852 claudum.’'

249 894 281 916 “
298 886 478 939 Quaere
502 889 858 953 peregrinum‚”
883 890 1060 938 vicinia
1083 906 1229 939 rauca
1249 890 1494 938 reclamat.

696 1299 1040 1348 EPISTOLA
1075 1300 1269 1348 XVIII.

818 1451 885 1481 AD
910 1451 1144 1483 LOLLIUM.

652 1498 677 1506 ς

246 1568 301 1616 S1
326 1567 448 1615 bene
472 1575 518 1614 te
543 1565 668 1623 novi,
695 1573 893 1625 metues,
919 1565 1159 1613 liberrime
1184 1565 1321 1626 Lolli,

243 1652 517 1700 Scurrantis
532 1651 741 1714 speciem
766 1651 991 1713 praebere,
1016 1650 1256 1712 professus
1292 1651 1516 1699 amicum.

244 1735 310 1784 Ut
335 1744 551 1783 matrona
574 1734 814 1781 meretrici
839 1734 996 1795 dispar
1021 1733 1109 1780 erit
1135 1742 1273 1795 atque

246 1819 482 1876 Discolor,
508 1820 653 1867 infido
678 1835 853 1866 scurrae
878 1817 1071 1864 distabit
1096 1818 1293 1864 amicus.

247 1903 336 1951 Est
360 1905 472 1951 huic
496 1904 734 1950 diversum
759 1902 871 1949 vitio
896 1902 1061 1948 vitium
1084 1902 1227 1964 prope
1253 1902 1421 1965 majus,

244 1988 494 2050 Asperitas
518 1987 718 2051 agrestis
742 1994 790 2033 et
814 1985 1106 2052 inconcinna
1130 1985 1395 2048 gravisque,

242 2071 371 2122 Quae
395 2088 445 2118 se
470 2071 773 2119 commendat
795 2072 930 2118 tonsa
955 2078 1080 2125 cute,
1107 2070 1329 2116 dentibus
1354 2070 1470 2116 atris
1492 2086 1505 2127 ς

246 2154 374 2202 Dum
399 2155 498 2202 vult
521 2155 713 2202 libertas
738 2154 834 2200 dici
860 2170 1006 2209 mera,
1033 2169 1234 2215 veraque
1259 2153 1420 2200 virtus.

249 2239 415 2286 Virtus
440 2248 511 2285 est
535 2238 747 2285 medium
771 2237 990 2284 vitiorum
1015 2246 1062 2284 et
1086 2237 1306 2300 utrinque
1330 2238 1593 2286 reductum.

247 2323 385 2369 Alter
410 2323 459 2369 in
484 2322 763 2384 obsequium
786 2320 890 2384 plus
915 2338 1048 2383 aequo
1070 2338 1261 2384 pronus,
1287 2330 1335 2369 et
1357 2322 1440 2369 imi

245 2405 440 2454 Derisor
463 2407 592 2461 lecti,
617 2406 686 2452 sic
710 2413 879 2453 nutum
904 2406 1062 2452 divitis
1087 2406 1258 2464 horret,

245 2489 328 2537 Sic
352 2490 491 2537 iterat
514 2505 670 2545 voces,
697 2497 745 2536 et
768 2489 912 2535 verba
937 2489 1163 2536 cadentia
1186 2489 1320 2545 tollit,

244 2573 309 2620 Ut
331 2590 531 2636 puerum
555 2589 679 2620 saevo
704 2573 871 2620 credas
896 2574 1073 2620 dictata
1096 2573 1324 2636 magistro

246 2656 490 2715 Reddere,
516 2657 589 2704 vel
613 2664 771 2719 partes
795 2656 992 2703 mimum
1017 2665 1220 2703 tractare
1245 2655 1495 2702 secundas.

245 2739 382 2786 Alter
407 2740 584 2788 rixatur
609 2741 668 2787 de
693 2740 801 2786 lana
825 2740 946 2802 saepe
981 2740 1192 2802 caprina,

247 2820 522 2884 Propugnat
545 2824 686 2887 nugis
722 2832 929 2871 armatus
950 2841 961 2870 ε
999 2828 1025 2850 “
1048 2823 1257 2881 Scilicet,
1283 2830 1335 2868 ut
1358 2838 1453 2869 non

247 2905 322 2952 Sit
345 2905 461 2952 mihi
485 2907 637 2968 prima
659 2907 791 2967 fides,
817 2916 878 2967 et,
904 2908 1012 2955 vere
1036 2907 1160 2970 quod
1184 2906 1353 2968 placet,
1379 2915 1432 2953 ut
1454 2922 1552 2955 non

249 2988 441 3038 Acriter
465 2989 676 3050 elatrem‚
700 2991 906 3056 pretium
930 3000 1043 3040 aetas
1067 2991 1213 3040 altera
1236 2990 1440 3039 sordet.”

1721 304 1786 350 55

1721 723 1784 770 60

1749 1905 1781 1950 vt

1720 2323 1781 2370 lo
