1894 3188
638 75 949 142 CARMINUM
975 102 1082 144 ΜΒ.
1111 104 1188 143 111.

793 259 932 308 ODE
967 260 1034 308 II.

372 392 658 440 ANGUSTAM
683 391 835 440 amice
861 394 1134 456 pauperiem
1157 395 1254 457 pati

371 475 617 523 Robustus
642 476 739 523 acri
763 477 930 524 militia
954 494 1070 540 puer

431 560 724 618 Condiscat3
761 570 809 608 et
833 562 1034 609 Parthos
1068 563 1251 611 feroces

497 644 653 692 Vexet
671 661 816 707 eques
840 648 1124 694 metuendus
1151 648 1315 695 hasta:

367 727 623 790 Vitamque
647 729 735 775 sub
759 729 868 776 divo
891 738 938 777 et
963 731 1161 793 trepidis
1188 741 1302 794 agat

367 811 426 859 In
449 812 606 859 rebus.
675 813 817 861 Illum
842 831 901 861 ex
924 816 1161 862 moenibus
1185 816 1382 863 hosticis

430 894 656 943 Matrona
680 897 900 945 bellantis
932 900 1121 961 tyranni

495 980 812 1043 Prospiciens,
839 991 887 1029 et
911 984 1072 1030 adulta
1099 985 1245 1047 virgo,

367 1063 582 1126 Suspiret
603 1082 613 1110 ε
652 1073 682 1094 “
701 1065 868 1112 Eheu!
907 1084 968 1113 ne
993 1068 1124 1114 rudis
1149 1069 1394 1131 agminum

364 1147 578 1210 Sponsus
601 1149 805 1196 lacessat
828 1152 988 1214 regius
1014 1169 1235 1214 asperum

426 1231 587 1279 Tactu
611 1234 812 1292 leonem,
839 1251 979 1295 quem
1005 1245 1206 1284 cruenta

491 1315 583 1362 Per
607 1316 789 1362 medias
815 1318 936 1379 rapit
959 1318 1029 1365 ira
1054 1321 1261 1367 caedes.’'

358 1399 515 1447 Dulce
540 1408 588 1447 et
612 1401 839 1449 decorum
864 1411 936 1449 est
958 1419 1043 1465 pro
1069 1406 1224 1466 patria
1247 1407 1366 1454 mori
1387 1423 1397 1453 ε

361 1483 493 1532 Mors
518 1493 565 1532 et
589 1484 810 1548 fugacem
834 1488 1133 1550 persequitur
1159 1490 1328 1547 virum,

418 1569 528 1617 Nec
551 1570 704 1632 parcit
727 1571 930 1618 imbellis
949 1572 1157 1635 juventae

484 1653 750 1717 Poplitibus
773 1656 999 1704 timidove
1029 1666 1179 1721 tergo.

355 1737 535 1798 Virtus,
561 1740 762 1802 repulsae
787 1742 953 1788 nescia
976 1743 1197 1801 sordidae,

355 1821 662 1870 Intaminatis
687 1824 837 1887 fulget
861 1827 1123 1875 honoribus
1145 1845 1157 1874 z

418 1906 527 1954 Nec
550 1908 698 1955 sumit
722 1918 803 1957 aut
825 1910 960 1973 ponit
983 1927 1176 1959 secures

484 1991 698 2039 Arbitrio
721 1994 960 2055 popularis
985 2011 1130 2042 aurae.

352 2073 532 2134 Virtus,
557 2077 812 2124 recludens
836 2079 1084 2125 immeritis
1117 2080 1235 2127 mori

351 2157 556 2217 Coelum,
582 2162 755 2221 negata
779 2169 931 2208 tentat
955 2161 1043 2209 iter
1069 2162 1143 2208 via
1164 2180 1175 2209 ε

417 2241 676 2304 Coetusque
700 2244 918 2307 vulgares
943 2254 990 2293 et
1026 2248 1170 2294 udam

480 2327 675 2388 Spernit
699 2328 895 2376 humum
923 2330 1135 2393 fugiente
1159 2334 1331 2394 penna.

348 2409 437 2456 Est
459 2418 507 2457 et
531 2410 659 2458 fideli
684 2420 785 2460 tuta
809 2413 998 2461 silentio

347 2493 539 2542 Merces
561 2512 570 2541 :
608 2497 790 2556 vetabo,
817 2498 897 2560 qui
923 2499 1116 2547 Cereris
1141 2517 1329 2548 sacrum

410 2578 630 2641 Vulgarit
654 2597 854 2641 arcanae,
882 2583 969 2629 sub
993 2583 1145 2631 isdem

476 2663 550 2711 Sit
571 2665 797 2725 trabibus,
825 2667 1099 2729 fragilemve
1125 2685 1317 2718 mecum

341 2746 507 2793 Solvat
530 2748 742 2795 faselum.
814 2749 952 2812 Saepe
978 2751 1220 2814 Diespiter

340 2829 608 2894 Neglectus
633 2833 814 2880 incesto
839 2835 1024 2882 addidit
1048 2836 1287 2900 integrum
1309 2857 1319 2886 :

406 2914 540 2963 Raro
566 2918 928 2964 antecedentem
954 2919 1209 2968 scelestum

468 2997 695 3050 Deseruit
717 3002 838 3064 pede
862 3002 1012 3052 Poena
1036 3005 1221 3053 claudo·

1647 110 1707 157 51

1650 1156 1711 1204 10

1630 1999 1699 2046 20

1620 2422 1690 2468 25

1616 2843 1683 2889 30
