1894 3188
674 89 908 130 EPODON
934 89 1119 128 LIBER.
1606 93 1703 140 115

362 217 497 268 Quid
521 214 724 278 amplius
749 215 818 262 vis
839 216 857 261 Τ
894 214 940 273 Ο
964 230 1094 261 mare
1113 221 1162 260 et
1184 212 1339 261 terra!
1377 212 1535 268 ardeo,
1638 213 1703 260 30

359 300 610 357 Quantum
635 319 790 365 neque
815 312 918 350 atro
942 303 1181 350 delibutus
1206 302 1443 350 Hercules

359 387 504 436 Nessi
529 403 715 443 cruore,
740 403 832 434 nec
857 387 1034 434 Sicana
1059 386 1242 434 fervida

360 471 514 520 Urens
538 471 588 519 in
613 471 762 519 AEtna
787 471 994 518 flamma.
1065 471 1163 527 Tu,
1190 471 1346 518 donec
1381 471 1504 518 cinis

357 556 606 619 Injuriosis
631 556 791 602 aridus
815 557 969 602 ventis
994 555 1130 615 ferar,

355 639 497 686 Cales
520 639 719 686 venenis
742 639 935 686 officina
959 639 1218 687 Colchicis.
1631 640 1696 688 35

352 722 479 773 Quae
504 723 612 770 finis
634 725 652 769 Ἰ
689 736 772 770 aut
794 724 920 785 quod
944 740 1020 771 me
1046 732 1207 771 manet
1230 724 1520 794 stipendium
1544 725 1563 770 2

352 807 510 854 Effare
535 824 546 854 ε
581 809 737 871 jussas
762 824 873 855 cum
898 808 991 855 fide
1015 824 1182 871 poenas
1205 808 1348 869 luam,

347 893 550 940 Paratus
574 892 782 955 expiare,
809 908 894 940 seu
918 893 1193 956 poposceris

351 976 558 1023 Centum
578 977 826 1039 juvencos,
853 976 950 1024 sive
975 976 1198 1024 mendaci
1221 977 1320 1040 lyra

349 1060 494 1107 Voles
518 1060 676 1107 sonari
697 1078 710 1118 3
747 1069 800 1108 tu
823 1061 1014 1124 pudica,
1041 1070 1092 1108 tu
1116 1062 1279 1124 proba,
1627 1063 1691 1109 40

350 1143 707 1191 Perambulabis
732 1153 856 1191 astra
880 1145 1011 1192 sidus
1036 1160 1249 1192 aureum.

344 1228 547 1276 Infamis
572 1228 773 1275 Helenae
799 1229 970 1276 Castor
994 1229 1203 1276 offensus
1226 1228 1346 1288 vice,

344 1311 603 1374 Fraterque
627 1312 791 1375 magni
812 1313 1042 1369 Castoris,
1062 1313 1176 1360 victi
1198 1328 1357 1376 prece,

341 1396 583 1458 Adempta
606 1395 702 1444 vati
726 1395 983 1443 reddidere
1009 1397 1207 1444 lumina.

341 1480 405 1527 Et
427 1489 495 1536 tu,
520 1489 655 1543 potes
679 1496 808 1536 nam,
835 1480 963 1527 solve
988 1496 1066 1528 me
1091 1482 1352 1538 dementia,
1620 1485 1683 1531 45

339 1564 387 1612 Ο
410 1581 503 1611 nec
526 1565 737 1627 paternis
760 1565 973 1612 obsoleta
997 1565 1230 1624 sordibus,

339 1649 449 1696 Nec
473 1649 522 1696 in
547 1649 778 1712 sepulcris
801 1666 1065 1712 pauperum
1089 1651 1299 1712 prudens
1323 1667 1443 1698 anus

339 1735 667 1784 Novendiales
691 1733 920 1796 dissipare
944 1736 1176 1796 pulveres,

335 1820 451 1867 Tibi
476 1821 709 1884 hospitale
733 1830 903 1884 pectus
928 1830 975 1868 et
999 1837 1129 1884 purae
1154 1836 1340 1868 manus.

769 1919 985 1947 CANIDIA.

332 1981 469 2032 Quid
493 1982 724 2029 obseratis
749 1983 944 2029 auribus
970 1982 1130 2029 fundis
1153 1983 1357 2044 preces?
1611 1983 1700 2029 50·

330 2066 442 2114 Non
468 2082 584 2112 saxa
607 2067 750 2113 nudis
775 2067 991 2113 surdiora
1014 2066 1186 2112 navitis

326 2150 586 2213 Neptunus
611 2150 707 2197 alto
731 2150 890 2196 tundit
914 2150 1142 2197 hibernus
1162 2149 1278 2197 salo.

327 2235 517 2282 Inultus
541 2243 593 2281 ut
616 2242 668 2281 tu
693 2234 852 2280 riseris
877 2233 1088 2295 Cotyttia

325 2319 551 2382 Vulgata,
579 2335 767 2365 sacrum
791 2318 928 2365 liberi
954 2317 1210 2381 Cupidinis
1231 2319 1249 2363 Τ

323 2402 386 2450 Et
410 2402 645 2465 Esquilini
669 2402 883 2464 pontifex
907 2401 1110 2449 venefici
1604 2405 1669 2450 55

322 2485 528 2550 Impune
555 2495 606 2533 ut
630 2487 796 2533 urbem
822 2486 1015 2533 nomine
1040 2483 1252 2548 impleris
1276 2501 1384 2534 meo
1405 2487 1423 2532 ’ἒ

318 2570 456 2622 Quid
480 2572 704 2634 proderat
728 2571 903 2617 ditasse
929 2571 1153 2634 Pelignas
1179 2586 1314 2626 anus,

319 2655 608 2704 Velociusve
634 2655 884 2702 miscuisse
910 2655 1159 2703 toxicum?

317 2740 415 2787 Sed
439 2740 651 2787 tardiora
676 2739 771 2786 fata
794 2748 840 2787 te
865 2739 985 2786 votis
1010 2748 1224 2787 manent.

316 2823 514 2887 Ingrata
537 2824 711 2871 misero
736 2824 833 2871 vita
856 2824 1084 2870 ducenda
1107 2832 1196 2880 est,
1223 2824 1272 2871 in
1298 2824 1408 2879 hoc,
1598 2826 1663 2871 60

313 2906 466 2955 Novis
490 2917 542 2955 ut
567 2924 715 2970 usque
741 2916 965 2969 suppetas
990 2907 1249 2956 doloribus,

310 2989 460 3054 Optat
482 2991 690 3054 quietem
717 2991 907 3054 Pelopis
932 2991 1108 3038 infidus
1130 3000 1279 3054 pater,
