1894 3188
153 66 223 114 34

667 62 715 109 Q.
745 61 982 101 HORATII
1009 60 1152 100 FLAC
1159 60 1214 99 CI

419 188 636 248 Flumen,
662 197 711 236 et
732 196 930 252 regnata
952 196 1111 250 petam
1133 187 1317 235 Laconi

743 273 880 321 Rura
904 272 1153 320 Phalanto.

420 356 508 405 Ille
533 366 765 405 terrarum
789 357 907 405 mihi
931 368 1100 419 praeter
1131 373 1299 404 omnes

419 442 642 505 Angulus
667 442 807 498 ridet,
833 442 916 488 ubi
940 458 1038 489 non
1070 442 1300 504 Hymetto

420 527 568 576 Mella
592 528 846 583 decedunt,
872 527 1103 589 viridique
1129 535 1281 574 certat

743 612 906 659 Bacca
929 611 1142 659 Venafro
1162 629 1175 669 3

419 697 516 744 Ver
541 697 623 744 ubi
646 697 857 760 longum,
883 697 1161 759 tepidasque
1186 696 1365 758 praebet

420 781 605 844 Jupiter
630 782 824 828 brumas
845 799 858 838 3
895 790 943 828 et
967 781 1151 828 amicus
1177 780 1339 827 Aulon

420 865 587 912 Fertili
612 865 805 913 Baccho
830 865 1080 912 minimUm
1107 864 1325 911 Falernis

746 950 934 996 Invidet
959 950 1077 996 uvis.

421 1034 509 1080 Ille
533 1043 579 1081 te
604 1050 792 1080 mecum
817 1034 951 1081 locus
975 1043 1023 1080 et
1046 1034 1196 1080 beatae

421 1118 668 1165 Postulant
691 1135 825 1165 arces
847 1135 857 1164 z
894 1119 958 1165 ibi
983 1127 1034 1165 tu
1059 1118 1297 1165 calentem

422 1201 597 1251 Debita
620 1219 813 1267 sparges
836 1203 1044 1265 lacryma
1069 1203 1274 1250 favillam

744 1288 882 1335 Vatis
907 1288 1063 1335 amici.

836 1709 974 1758 ODE
1008 1709 1070 1758 V.

760 1860 825 1891 AD
866 1860 1144 1891 POMPEIUM.

423 1980 470 2028 O
495 1980 628 2027 sim-1}
658 1994 846 2025 mecum
871 1986 1057 2039 tempus
1082 1977 1131 2023 in
1155 1977 1372 2025 ultimum

425 2065 659 2122 Deducte,
685 2063 833 2110 Bruto
857 2062 1035 2108 militiae
1060 2063 1199 2117 duce,

487 2148 615 2199 Quis
639 2156 684 2194 te
709 2146 955 2194 redonavit
977 2145 1222 2196 Quiritem

554 2232 643 2279 Dis
665 2231 843 2294 patriis,
870 2230 1083 2292 Italoque
1110 2230 1244 2288 coelo,

427 2317 637 2379 Pompei,
663 2331 875 2363 meorum
900 2315 1051 2377 prime
1076 2314 1310 2361 sodalium
1333 2315 1351 2358 i

427 2400 551 2448 Cum
574 2417 666 2462 quo
690 2408 952 2446 morantem
978 2397 1102 2460 saepe
1129 2398 1255 2445 diem
1280 2413 1410 2444 mero

491 2484 650 2547 Fregi,
677 2492 928 2530 coronatus
952 2483 1160 2528 nitentes

555 2567 856 2614 Malobathro
881 2566 1018 2627 Syrio
1042 2565 1274 2627 capillos?

428 2651 617 2699 Tecum
642 2649 883 2713 Philippos
908 2658 955 2696 et
979 2649 1182 2695 celerem
1205 2648 1366 2710 fugam

430 2735 583 2794 Sensi,
610 2735 776 2781 relicta
801 2751 894 2781 non
921 2733 1043 2780 bene
1074 2732 1302 2795 parmula,

490 2818 658 2869 Quum
684 2818 831 2865 fracta
854 2817 1000 2864 virtus
1024 2825 1071 2864 et
1096 2816 1312 2863 minaces

555 2903 721 2965 Turpe
746 2903 896 2949 solum
920 2900 1120 2964 tetigere
1145 2908 1319 2947 mento.

428 2987 524 3034 Sed
547 3002 623 3033 me
646 3002 729 3050 per
754 2987 912 3034 hostes
938 2985 1207 3033 Mercurius
1240 2983 1368 3031 celer

1729 2313 1760 2357 Cli

1704 2729 1764 2774 10
