<?xml version="1.0" encoding="UTF-8"?>
<!DOCTYPE html PUBLIC "-//W3C//DTD XHTML 1.0 Transitional//EN"
    "http://www.w3.org/TR/xhtml1/DTD/xhtml1-transitional.dtd">
<html xmlns="http://www.w3.org/1999/xhtml" xml:lang="en" lang="en">
 <head>
  <title>
</title>
<meta http-equiv="Content-Type" content="text/html;charset=utf-8" />
  <meta name='ocr-system' content='tesseract 3.04.00' />
  <meta name='ocr-capabilities' content='ocr_page ocr_carea ocr_par ocr_line ocrx_word'/>
</head>
<body>
  <div class='ocr_page' id='page_1' title='image "./quintihoratiifla1928hora_0082.png"; bbox 0 0 1894 3188; ppageno 0'>
   <div class='ocr_carea' id='block_1_1' title="bbox 185 127 254 174">
    <p class='ocr_par' dir='ltr' id='par_1_1' title="bbox 185 127 254 174">
     <span class='ocr_line' id='line_1_1' title="bbox 185 127 254 174; baseline 0 0"><span class='ocrx_word' id='word_1_1' title='bbox 185 127 254 174; x_wconf 78' lang='lat'>72</span> 
     </span>
    </p>
   </div>
   <div class='ocr_carea' id='block_1_2' title="bbox 719 124 1275 171">
    <p class='ocr_par' dir='ltr' id='par_1_2' title="bbox 719 124 1275 171">
     <span class='ocr_line' id='line_1_2' title="bbox 719 124 1275 171; baseline 0.004 -8"><span class='ocrx_word' id='word_1_2' title='bbox 719 124 769 171; x_wconf 82' lang='lat' dir='ltr'>Q.</span> <span class='ocrx_word' id='word_1_3' title='bbox 799 124 1040 164; x_wconf 89' lang='lat' dir='ltr'><strong>HORATII</strong></span> <span class='ocrx_word' id='word_1_4' title='bbox 1068 125 1275 165; x_wconf 89' lang='lat' dir='ltr'><strong>FLACCI</strong></span> 
     </span>
    </p>
   </div>
   <div class='ocr_carea' id='block_1_3' title="bbox 443 251 1443 905">
    <p class='ocr_par' dir='ltr' id='par_1_3' title="bbox 443 251 1443 905">
     <span class='ocr_line' id='line_1_3' title="bbox 711 251 1406 315; baseline 0.006 -18"><span class='ocrx_word' id='word_1_5' title='bbox 711 251 1009 299; x_wconf 85' lang='lat' dir='ltr'>SeuGraeco</span> <span class='ocrx_word' id='word_1_6' title='bbox 1029 252 1200 315; x_wconf 87' lang='lat' dir='ltr'>jubeas</span> <span class='ocrx_word' id='word_1_7' title='bbox 1223 253 1406 314; x_wconf 90' lang='lat' dir='ltr'>trocho,</span> 
     </span>
     <span class='ocr_line' id='line_1_4' title="bbox 448 333 1248 400; baseline 0.005 -19"><span class='ocrx_word' id='word_1_8' title='bbox 448 333 547 381; x_wconf 85' lang='lat' dir='ltr'>Seu</span> <span class='ocrx_word' id='word_1_9' title='bbox 571 333 710 382; x_wconf 83' lang='lat' dir='ltr'>malis</span> <span class='ocrx_word' id='word_1_10' title='bbox 734 335 880 382; x_wconf 61' lang='lat' dir='ltr'>vetita</span> <span class='ocrx_word' id='word_1_11' title='bbox 903 336 1090 400; x_wconf 84' lang='lat' dir='ltr'>legibus</span> <span class='ocrx_word' id='word_1_12' title='bbox 1115 338 1216 385; x_wconf 65' lang='lat' dir='ltr'>alea</span> <span class='ocrx_word' id='word_1_13' title='bbox 1239 354 1248 385; x_wconf 91' lang='lat'><strong>:</strong></span> 
     </span>
     <span class='ocr_line' id='line_1_5' title="bbox 709 418 1407 484; baseline 0 -15"><span class='ocrx_word' id='word_1_14' title='bbox 709 418 880 469; x_wconf 80' lang='lat' dir='ltr'>Quum</span> <span class='ocrx_word' id='word_1_15' title='bbox 903 420 1095 483; x_wconf 85' lang='lat' dir='ltr'>perjura</span> <span class='ocrx_word' id='word_1_16' title='bbox 1116 421 1263 484; x_wconf 86' lang='lat' dir='ltr'>patris</span> <span class='ocrx_word' id='word_1_17' title='bbox 1287 421 1407 469; x_wconf 89' lang='lat' dir='ltr'>fides</span> 
     </span>
     <span class='ocr_line' id='line_1_6' title="bbox 445 501 1443 569; baseline 0.003 -19"><span class='ocrx_word' id='word_1_18' title='bbox 445 501 731 551; x_wconf 86' lang='lat' dir='ltr'>Consortem</span> <span class='ocrx_word' id='word_1_19' title='bbox 756 505 940 552; x_wconf 89' lang='lat' dir='ltr'>socium</span> <span class='ocrx_word' id='word_1_20' title='bbox 967 505 1097 553; x_wconf 85' lang='lat' dir='ltr'>fallat</span> <span class='ocrx_word' id='word_1_21' title='bbox 1121 514 1169 553; x_wconf 89' lang='lat' dir='ltr'>et</span> <span class='ocrx_word' id='word_1_22' title='bbox 1194 506 1443 569; x_wconf 84' lang='lat' dir='ltr'>hospitem,</span> 
     </span>
     <span class='ocr_line' id='line_1_7' title="bbox 706 588 1290 653; baseline 0.005 -18"><span class='ocrx_word' id='word_1_23' title='bbox 706 588 1010 653; x_wconf 84' lang='lat' dir='ltr'>Indignoque</span> <span class='ocrx_word' id='word_1_24' title='bbox 1034 591 1290 653; x_wconf 85' lang='lat' dir='ltr'>pecuniam</span> 
     </span>
     <span class='ocr_line' id='line_1_8' title="bbox 443 671 1419 738; baseline 0.003 -19"><span class='ocrx_word' id='word_1_25' title='bbox 443 671 640 720; x_wconf 85' lang='lat' dir='ltr'>Haeredi</span> <span class='ocrx_word' id='word_1_26' title='bbox 661 683 896 735; x_wconf 82' lang='lat' dir='ltr'>properet.</span> <span class='ocrx_word' id='word_1_27' title='bbox 968 675 1169 722; x_wconf 77' lang='lat' dir='ltr'>Scilicet</span> <span class='ocrx_word' id='word_1_28' title='bbox 1193 676 1419 738; x_wconf 80' lang='lat' dir='ltr'>improbae</span> 
     </span>
     <span class='ocr_line' id='line_1_9' title="bbox 706 758 1380 806; baseline 0.003 -3"><span class='ocrx_word' id='word_1_29' title='bbox 706 758 947 804; x_wconf 83' lang='lat' dir='ltr'>Crescunt</span> <span class='ocrx_word' id='word_1_30' title='bbox 972 759 1147 805; x_wconf 85' lang='lat' dir='ltr'>divitiae</span> <span class='ocrx_word' id='word_1_31' title='bbox 1170 776 1180 805; x_wconf 77' lang='grc' dir='ltr'><strong><em>ε</em></strong></span> <span class='ocrx_word' id='word_1_32' title='bbox 1218 768 1380 806; x_wconf 83' lang='lat' dir='ltr'>tamen</span> 
     </span>
     <span class='ocr_line' id='line_1_10' title="bbox 445 838 1418 905; baseline 0.001 -18"><span class='ocrx_word' id='word_1_33' title='bbox 445 838 608 888; x_wconf 84' lang='lat' dir='ltr'>Curtae</span> <span class='ocrx_word' id='word_1_34' title='bbox 632 841 798 889; x_wconf 90' lang='lat' dir='ltr'>nescio</span> <span class='ocrx_word' id='word_1_35' title='bbox 822 841 936 903; x_wconf 87' lang='lat' dir='ltr'>quid</span> <span class='ocrx_word' id='word_1_36' title='bbox 962 858 1152 905; x_wconf 83' lang='lat' dir='ltr'>semper</span> <span class='ocrx_word' id='word_1_37' title='bbox 1177 843 1311 889; x_wconf 89' lang='lat' dir='ltr'>abest</span> <span class='ocrx_word' id='word_1_38' title='bbox 1334 842 1418 889; x_wconf 90' lang='lat' dir='ltr'>rei.</span> 
     </span>
    </p>
   </div>
   <div class='ocr_carea' id='block_1_4' title="bbox 821 1194 1143 1243">
    <p class='ocr_par' dir='ltr' id='par_1_4' title="bbox 821 1194 1143 1243">
     <span class='ocr_line' id='line_1_11' title="bbox 821 1194 1143 1243; baseline 0.003 -1"><span class='ocrx_word' id='word_1_39' title='bbox 821 1194 962 1242; x_wconf 91' lang='lat' dir='ltr'>ODE</span> <span class='ocrx_word' id='word_1_40' title='bbox 997 1194 1143 1243; x_wconf 84' lang='lat' dir='ltr'><strong>XIX.</strong></span> 
     </span>
    </p>
   </div>
   <div class='ocr_carea' id='block_1_5' title="bbox 800 1344 1160 1376">
    <p class='ocr_par' dir='ltr' id='par_1_5' title="bbox 800 1344 1160 1376">
     <span class='ocr_line' id='line_1_12' title="bbox 800 1344 1160 1376; baseline 0 0"><span class='ocrx_word' id='word_1_41' title='bbox 800 1345 867 1376; x_wconf 91' lang='lat' dir='ltr'>AD</span> <span class='ocrx_word' id='word_1_42' title='bbox 904 1344 1160 1376; x_wconf 80' lang='lat' dir='ltr'><strong>BACCHUM.</strong></span> 
     </span>
    </p>
   </div>
   <div class='ocr_carea' id='block_1_6' title="bbox 693 1461 1422 1525">
    <p class='ocr_par' dir='ltr' id='par_1_6' title="bbox 693 1461 1422 1525">
     <span class='ocr_line' id='line_1_13' title="bbox 693 1461 1422 1525; baseline 0 -16"><span class='ocrx_word' id='word_1_43' title='bbox 693 1462 813 1514; x_wconf 76' lang='lat' dir='ltr'>Qud</span> <span class='ocrx_word' id='word_1_44' title='bbox 840 1479 931 1520; x_wconf 90' lang='lat' dir='ltr'>me,</span> <span class='ocrx_word' id='word_1_45' title='bbox 959 1463 1166 1521; x_wconf 88' lang='lat' dir='ltr'>Bacche,</span> <span class='ocrx_word' id='word_1_46' title='bbox 1193 1461 1318 1525; x_wconf 87' lang='lat' dir='ltr'>rapis</span> <span class='ocrx_word' id='word_1_47' title='bbox 1353 1462 1422 1509; x_wconf 91' lang='lat' dir='ltr'>tui</span> 
     </span>
    </p>
   </div>
   <div class='ocr_carea' id='block_1_7' title="bbox 436 1533 1649 1608">
    <p class='ocr_par' dir='ltr' id='par_1_7' title="bbox 436 1533 1649 1608">
     <span class='ocr_line' id='line_1_14' title="bbox 436 1533 1649 1608; baseline -0.002 -13"><span class='ocrx_word' id='word_1_48' title='bbox 436 1533 678 1595; x_wconf 64' lang='lat' dir='ltr'>Plenuns‘?</span> <span class='ocrx_word' id='word_1_49' title='bbox 715 1546 843 1596; x_wconf 75' lang='lat' dir='ltr'>Quae</span> <span class='ocrx_word' id='word_1_50' title='bbox 868 1561 1077 1604; x_wconf 84' lang='lat' dir='ltr'>nemora,</span> <span class='ocrx_word' id='word_1_51' title='bbox 1105 1562 1221 1607; x_wconf 92' lang='lat' dir='ltr'>quos</span> <span class='ocrx_word' id='word_1_52' title='bbox 1246 1562 1359 1608; x_wconf 82' lang='lat' dir='ltr'>agor</span> <span class='ocrx_word' id='word_1_53' title='bbox 1383 1546 1434 1593; x_wconf 91' lang='lat' dir='ltr'>in</span> <span class='ocrx_word' id='word_1_54' title='bbox 1462 1559 1649 1608; x_wconf 76' lang='lat' dir='ltr'>specus,</span> 
     </span>
    </p>
   </div>
   <div class='ocr_carea' id='block_1_8' title="bbox 428 1629 1453 1930">
    <p class='ocr_par' dir='ltr' id='par_1_8' title="bbox 432 1629 1453 1777">
     <span class='ocr_line' id='line_1_15' title="bbox 689 1629 1453 1680; baseline 0.001 -4"><span class='ocrx_word' id='word_1_55' title='bbox 689 1630 846 1676; x_wconf 84' lang='lat' dir='ltr'>Velox</span> <span class='ocrx_word' id='word_1_56' title='bbox 871 1638 1031 1675; x_wconf 88' lang='lat' dir='ltr'>mente</span> <span class='ocrx_word' id='word_1_57' title='bbox 1056 1631 1178 1676; x_wconf 65' lang='lat' dir='ltr'>nova</span> <span class='ocrx_word' id='word_1_58' title='bbox 1203 1632 1220 1675; x_wconf 69' lang='grc' dir='ltr'>’ἓ</span> <span class='ocrx_word' id='word_1_59' title='bbox 1258 1629 1453 1680; x_wconf 78' lang='lat' dir='ltr'>Quibus</span> 
     </span>
     <span class='ocr_line' id='line_1_16' title="bbox 432 1713 1232 1777; baseline -0.004 -15"><span class='ocrx_word' id='word_1_60' title='bbox 432 1714 602 1762; x_wconf 84' lang='lat' dir='ltr'>Antris</span> <span class='ocrx_word' id='word_1_61' title='bbox 625 1714 808 1777; x_wconf 81' lang='lat' dir='ltr'>egregii</span> <span class='ocrx_word' id='word_1_62' title='bbox 833 1713 1038 1760; x_wconf 83' lang='lat' dir='ltr'>Caesaris</span> <span class='ocrx_word' id='word_1_63' title='bbox 1065 1713 1232 1759; x_wconf 88' lang='lat' dir='ltr'>audiar</span> 
     </span>
    </p>

    <p class='ocr_par' dir='ltr' id='par_1_9' title="bbox 428 1796 1383 1930">
     <span class='ocr_line' id='line_1_17' title="bbox 689 1796 1383 1859; baseline 0 -15"><span class='ocrx_word' id='word_1_64' title='bbox 689 1798 946 1859; x_wconf 87' lang='lat' dir='ltr'>AEternum</span> <span class='ocrx_word' id='word_1_65' title='bbox 972 1796 1209 1844; x_wconf 84' lang='lat' dir='ltr'>meditans</span> <span class='ocrx_word' id='word_1_66' title='bbox 1234 1797 1383 1844; x_wconf 87' lang='lat' dir='ltr'>decus</span> 
     </span>
     <span class='ocr_line' id='line_1_18' title="bbox 428 1868 1319 1930; baseline -0.004 0"><span class='ocrx_word' id='word_1_67' title='bbox 428 1882 593 1930; x_wconf 78' lang='lat' dir='ltr'>stellis</span> <span class='ocrx_word' id='word_1_68' title='bbox 617 1882 827 1928; x_wconf 87' lang='lat' dir='ltr'>inserere</span> <span class='ocrx_word' id='word_1_69' title='bbox 853 1889 901 1927; x_wconf 85' lang='lat' dir='ltr'>et</span> <span class='ocrx_word' id='word_1_70' title='bbox 925 1868 1124 1927; x_wconf 89' lang='lat' dir='ltr'>consilio</span> <span class='ocrx_word' id='word_1_71' title='bbox 1148 1880 1280 1928; x_wconf 90' lang='lat' dir='ltr'>Jovis</span> <span class='ocrx_word' id='word_1_72' title='bbox 1302 1883 1319 1926; x_wconf 67' lang='grc' dir='ltr'>ἵ</span> 
     </span>
    </p>
   </div>
   <div class='ocr_carea' id='block_1_9' title="bbox 689 1964 1489 2027">
    <p class='ocr_par' dir='ltr' id='par_1_10' title="bbox 689 1964 1489 2027">
     <span class='ocr_line' id='line_1_19' title="bbox 689 1964 1489 2027; baseline 0.001 -17"><span class='ocrx_word' id='word_1_73' title='bbox 689 1965 862 2011; x_wconf 80' lang='lat' dir='ltr'>Dicam</span> <span class='ocrx_word' id='word_1_74' title='bbox 888 1964 1090 2027; x_wconf 82' lang='lat' dir='ltr'>insigne,</span> <span class='ocrx_word' id='word_1_75' title='bbox 1117 1979 1300 2023; x_wconf 88' lang='lat' dir='ltr'>recens,</span> <span class='ocrx_word' id='word_1_76' title='bbox 1328 1965 1489 2012; x_wconf 83' lang='lat' dir='ltr'>adhuc</span> 
     </span>
    </p>
   </div>
   <div class='ocr_carea' id='block_1_10' title="bbox 409 2048 1487 3121">
    <p class='ocr_par' dir='ltr' id='par_1_11' title="bbox 409 2048 1487 3121">
     <span class='ocr_line' id='line_1_20' title="bbox 433 2048 1487 2113; baseline -0.002 -15"><span class='ocrx_word' id='word_1_77' title='bbox 433 2050 678 2098; x_wconf 88' lang='lat' dir='ltr'>Indictum</span> <span class='ocrx_word' id='word_1_78' title='bbox 703 2066 783 2096; x_wconf 86' lang='lat' dir='ltr'>ore</span> <span class='ocrx_word' id='word_1_79' title='bbox 810 2049 917 2096; x_wconf 89' lang='lat' dir='ltr'>alio.</span> <span class='ocrx_word' id='word_1_80' title='bbox 986 2048 1035 2095; x_wconf 94' lang='grc' dir='ltr'>Ν</span> <span class='ocrx_word' id='word_1_81' title='bbox 1039 2065 1097 2096; x_wconf 87' lang='lat' dir='ltr'>on</span> <span class='ocrx_word' id='word_1_82' title='bbox 1126 2065 1265 2095; x_wconf 89' lang='lat' dir='ltr'>secus</span> <span class='ocrx_word' id='word_1_83' title='bbox 1290 2049 1339 2095; x_wconf 92' lang='lat' dir='ltr'>in</span> <span class='ocrx_word' id='word_1_84' title='bbox 1359 2050 1487 2113; x_wconf 81' lang='lat' dir='ltr'>jugis</span> 
     </span>
     <span class='ocr_line' id='line_1_21' title="bbox 688 2123 1308 2195; baseline -0.003 -15"><span class='ocrx_word' id='word_1_85' title='bbox 688 2132 944 2180; x_wconf 80' lang='lat' dir='ltr'>Exsomnis</span> <span class='ocrx_word' id='word_1_86' title='bbox 969 2141 1126 2195; x_wconf 84' lang='lat' dir='ltr'>stupet</span> <span class='ocrx_word' id='word_1_87' title='bbox 1151 2123 1308 2192; x_wconf 40' lang='lat' dir='ltr'>Evi‘as,</span> 
     </span>
     <span class='ocr_line' id='line_1_22' title="bbox 422 2202 1464 2280; baseline -0.003 -13"><span class='ocrx_word' id='word_1_88' title='bbox 422 2219 641 2267; x_wconf 87' lang='lat' dir='ltr'>Hebrum</span> <span class='ocrx_word' id='word_1_89' title='bbox 664 2217 977 2280; x_wconf 85' lang='lat' dir='ltr'>prospiciens,</span> <span class='ocrx_word' id='word_1_90' title='bbox 1004 2225 1052 2263; x_wconf 85' lang='lat' dir='ltr'>et</span> <span class='ocrx_word' id='word_1_91' title='bbox 1075 2217 1183 2263; x_wconf 88' lang='lat' dir='ltr'>nive</span> <span class='ocrx_word' id='word_1_92' title='bbox 1209 2202 1464 2264; x_wconf 65' lang='lat' dir='ltr'>candidan‘r</span> 
     </span>
     <span class='ocr_line' id='line_1_23' title="bbox 684 2302 1384 2364; baseline -0.001 -16"><span class='ocrx_word' id='word_1_93' title='bbox 684 2302 930 2357; x_wconf 83' lang='lat' dir='ltr'>Thracen,</span> <span class='ocrx_word' id='word_1_94' title='bbox 958 2318 1014 2348; x_wconf 83' lang='lat' dir='ltr'>ac</span> <span class='ocrx_word' id='word_1_95' title='bbox 1038 2303 1159 2364; x_wconf 88' lang='lat' dir='ltr'>pede</span> <span class='ocrx_word' id='word_1_96' title='bbox 1187 2302 1384 2348; x_wconf 86' lang='lat' dir='ltr'>barbaro</span> 
     </span>
     <span class='ocr_line' id='line_1_24' title="bbox 417 2385 1440 2447; baseline -0.002 -13"><span class='ocrx_word' id='word_1_97' title='bbox 417 2387 690 2434; x_wconf 86' lang='lat' dir='ltr'>Lustratam</span> <span class='ocrx_word' id='word_1_98' title='bbox 715 2386 1002 2447; x_wconf 83' lang='lat' dir='ltr'>Rhodopen.</span> <span class='ocrx_word' id='word_1_99' title='bbox 1073 2385 1137 2431; x_wconf 89' lang='lat' dir='ltr'>Ut</span> <span class='ocrx_word' id='word_1_100' title='bbox 1161 2385 1278 2431; x_wconf 89' lang='lat' dir='ltr'>mihi</span> <span class='ocrx_word' id='word_1_101' title='bbox 1304 2385 1440 2432; x_wconf 90' lang='lat' dir='ltr'>devio</span> 
     </span>
     <span class='ocr_line' id='line_1_25' title="bbox 681 2470 1340 2531; baseline -0.002 -15"><span class='ocrx_word' id='word_1_102' title='bbox 681 2470 834 2531; x_wconf 82' lang='lat' dir='ltr'>Ripas</span> <span class='ocrx_word' id='word_1_103' title='bbox 859 2478 907 2515; x_wconf 87' lang='lat' dir='ltr'>et</span> <span class='ocrx_word' id='word_1_104' title='bbox 931 2485 1133 2516; x_wconf 83' lang='lat' dir='ltr'>vacuum</span> <span class='ocrx_word' id='word_1_105' title='bbox 1170 2485 1340 2516; x_wconf 89' lang='lat' dir='ltr'>nemus</span> 
     </span>
     <span class='ocr_line' id='line_1_26' title="bbox 419 2551 1331 2614; baseline -0.003 -13"><span class='ocrx_word' id='word_1_106' title='bbox 419 2553 587 2601; x_wconf 83' lang='lat' dir='ltr'>Mirari</span> <span class='ocrx_word' id='word_1_107' title='bbox 612 2553 729 2599; x_wconf 83' lang='lat' dir='ltr'>libet</span> <span class='ocrx_word' id='word_1_108' title='bbox 751 2551 758 2597; x_wconf 88' lang='lat'>!</span> <span class='ocrx_word' id='word_1_109' title='bbox 799 2552 845 2599; x_wconf 89' lang='lat' dir='ltr'>O</span> <span class='ocrx_word' id='word_1_110' title='bbox 870 2552 1118 2599; x_wconf 84' lang='lat' dir='ltr'>Nai&#39;adum</span> <span class='ocrx_word' id='word_1_111' title='bbox 1145 2561 1331 2614; x_wconf 89' lang='lat' dir='ltr'>potens,</span> 
     </span>
     <span class='ocr_line' id='line_1_27' title="bbox 682 2635 1364 2696; baseline 0 -14"><span class='ocrx_word' id='word_1_112' title='bbox 682 2636 1077 2696; x_wconf 83' lang='lat' dir='ltr'>Baccharumque</span> <span class='ocrx_word' id='word_1_113' title='bbox 1102 2635 1364 2682; x_wconf 80' lang='lat' dir='ltr'>valentium</span> 
     </span>
     <span class='ocr_line' id='line_1_28' title="bbox 417 2717 1365 2768; baseline -0.005 1"><span class='ocrx_word' id='word_1_114' title='bbox 417 2721 648 2768; x_wconf 86' lang='lat' dir='ltr'>Proceras</span> <span class='ocrx_word' id='word_1_115' title='bbox 673 2718 894 2765; x_wconf 90' lang='lat' dir='ltr'>manibus</span> <span class='ocrx_word' id='word_1_116' title='bbox 920 2727 1101 2766; x_wconf 81' lang='lat' dir='ltr'>vertere</span> <span class='ocrx_word' id='word_1_117' title='bbox 1127 2718 1333 2765; x_wconf 85' lang='lat' dir='ltr'>fraxinos</span> <span class='ocrx_word' id='word_1_118' title='bbox 1355 2717 1365 2764; x_wconf 74' lang='grc' dir='ltr'>Ξ</span> 
     </span>
     <span class='ocr_line' id='line_1_29' title="bbox 676 2802 1476 2865; baseline 0.001 -16"><span class='ocrx_word' id='word_1_119' title='bbox 676 2803 760 2849; x_wconf 90' lang='lat' dir='ltr'>Nil</span> <span class='ocrx_word' id='word_1_120' title='bbox 785 2818 995 2865; x_wconf 83' lang='lat' dir='ltr'>parvum,</span> <span class='ocrx_word' id='word_1_121' title='bbox 1023 2811 1104 2849; x_wconf 85' lang='lat' dir='ltr'>aut</span> <span class='ocrx_word' id='word_1_122' title='bbox 1127 2802 1294 2848; x_wconf 90' lang='lat' dir='ltr'>humili</span> <span class='ocrx_word' id='word_1_123' title='bbox 1319 2803 1476 2862; x_wconf 90' lang='lat' dir='ltr'>modo,</span> 
     </span>
     <span class='ocr_line' id='line_1_30' title="bbox 413 2886 1458 2949; baseline -0.003 -12"><span class='ocrx_word' id='word_1_124' title='bbox 413 2888 498 2937; x_wconf 93' lang='lat' dir='ltr'>Nil</span> <span class='ocrx_word' id='word_1_125' title='bbox 525 2887 721 2936; x_wconf 85' lang='lat' dir='ltr'>mortale</span> <span class='ocrx_word' id='word_1_126' title='bbox 746 2887 924 2948; x_wconf 86' lang='lat' dir='ltr'>loquar.</span> <span class='ocrx_word' id='word_1_127' title='bbox 998 2886 1150 2933; x_wconf 88' lang='lat' dir='ltr'>Dulce</span> <span class='ocrx_word' id='word_1_128' title='bbox 1175 2887 1458 2949; x_wconf 89' lang='lat' dir='ltr'>periculum,</span> 
     </span>
     <span class='ocr_line' id='line_1_31' title="bbox 674 2970 1267 3032; baseline -0.002 -14"><span class='ocrx_word' id='word_1_129' title='bbox 674 2970 720 3018; x_wconf 90' lang='grc' dir='ltr'>Ο</span> <span class='ocrx_word' id='word_1_130' title='bbox 745 2971 938 3026; x_wconf 88' lang='lat' dir='ltr'>Lenaee,</span> <span class='ocrx_word' id='word_1_131' title='bbox 964 2970 1097 3032; x_wconf 86' lang='lat' dir='ltr'>sequi</span> <span class='ocrx_word' id='word_1_132' title='bbox 1123 2971 1267 3017; x_wconf 90' lang='lat' dir='ltr'>deum</span> 
     </span>
     <span class='ocr_line' id='line_1_32' title="bbox 409 3052 1382 3121; baseline -0.006 -16"><span class='ocrx_word' id='word_1_133' title='bbox 409 3055 701 3121; x_wconf 75' lang='lat' dir='ltr'>cingentem</span> <span class='ocrx_word' id='word_1_134' title='bbox 727 3054 866 3101; x_wconf 90' lang='lat' dir='ltr'>viridi</span> <span class='ocrx_word' id='word_1_135' title='bbox 891 3063 1103 3118; x_wconf 83' lang='lat' dir='ltr'>tempora</span> <span class='ocrx_word' id='word_1_136' title='bbox 1126 3053 1351 3118; x_wconf 87' lang='lat' dir='ltr'>pampino</span> <span class='ocrx_word' id='word_1_137' title='bbox 1372 3052 1382 3099; x_wconf 91' lang='lat'><strong>!</strong></span> 
     </span>
    </p>
   </div>
   <div class='ocr_carea' id='block_1_11' title="bbox 1734 507 1798 554">
    <p class='ocr_par' dir='ltr' id='par_1_12' title="bbox 1734 507 1798 554">
     <span class='ocr_line' id='line_1_33' title="bbox 1734 507 1798 554; baseline 0 0"><span class='ocrx_word' id='word_1_138' title='bbox 1734 507 1798 554; x_wconf 85' lang='lat'>60</span> 
     </span>
    </p>
   </div>
   <div class='ocr_carea' id='block_1_12' title="bbox 1708 2218 1769 2271">
    <p class='ocr_par' dir='ltr' id='par_1_13' title="bbox 1708 2218 1769 2271">
     <span class='ocr_line' id='line_1_34' title="bbox 1708 2218 1769 2271; baseline 0 0"><span class='ocrx_word' id='word_1_139' title='bbox 1708 2218 1769 2271; x_wconf 82' lang='lat'>10.</span> 
     </span>
    </p>
   </div>
   <div class='ocr_carea' id='block_1_13' title="bbox 1703 2637 1763 2683">
    <p class='ocr_par' dir='ltr' id='par_1_14' title="bbox 1703 2637 1763 2683">
     <span class='ocr_line' id='line_1_35' title="bbox 1703 2637 1763 2683; baseline -0.017 0"><span class='ocrx_word' id='word_1_140' title='bbox 1703 2637 1763 2683; x_wconf 87' lang='grc'>15</span> 
     </span>
    </p>
   </div>
   <div class='ocr_carea' id='block_1_14' title="bbox 1690 3053 1757 3100">
    <p class='ocr_par' dir='ltr' id='par_1_15' title="bbox 1690 3053 1757 3100">
     <span class='ocr_line' id='line_1_36' title="bbox 1690 3053 1757 3100; baseline -0.015 0"><span class='ocrx_word' id='word_1_141' title='bbox 1690 3053 1757 3100; x_wconf 79' lang='lat'>20</span> 
     </span>
    </p>
   </div>
  </div>
 </body>
</html>
