1894 3188
399 756 484 831 Q.
548 755 965 818 HORATII
1028 756 1383 817 FLACCI

561 941 1227 994 EPISTULARUM

626 1114 800 1153 LIBER
831 1115 1143 1154 SECUNDUS.

677 1385 1014 1432 EPISTOLA
1057 1387 1095 1433 Ι.

691 1532 756 1563 ΑΙ)
782 1532 1068 1565 AUGUSTUM.

154 1649 314 1701 QUUM
337 1658 406 1696 tot
429 1649 660 1696 sustineas
684 1661 731 1696 et
754 1658 888 1707 tanta
910 1652 1102 1713 negotia
1125 1653 1266 1710 solus,

155 1733 258 1779 Res
281 1733 424 1780 Italas
452 1733 593 1780 armis
617 1733 800 1789 tuteris,
827 1735 1033 1781 moribus
1057 1751 1212 1792 ornes,

156 1816 364 1878 Legibus
387 1818 627 1876 emendeS‚
652 1817 700 1863 in
725 1818 917 1879 publica
940 1821 1188 1866 commoda
1210 1835 1422 1882 peccem,

158 1900 209 1946 Si
233 1900 373 1962 longo
399 1917 613 1947 sermone
640 1917 790 1947 morer
815 1910 896 1948 tua
926 1911 1151 1966 tempora,
1178 1904 1350 1951 Caesar.

220 1983 470 2040 Romulus,
498 1992 545 2029 et
569 1983 712 2029 Liber
737 1992 884 2044 pater,
911 1994 958 2031 et
982 2001 1091 2031 cum
1117 1986 1312 2033 Castore
1336 1986 1517 2044 Pollux,

156 2064 267 2110 Post
290 2064 502 2125 ingentia
526 2063 667 2121 facta,
695 2064 890 2110 deorum
915 2064 963 2111 in
987 2066 1162 2127 templa
1184 2067 1377 2129 recepti,

154 2147 282 2193 Dum
306 2155 451 2193 terras
475 2146 813 2208 hominumque
838 2147 1001 2194 colunt
1024 2165 1190 2211 genuS,
1212 2166 1378 2213 aspera
1402 2150 1523 2199 bella

153 2230 470 2293 Componunt,
497 2246 632 2292 agros
656 2230 913 2292 assignant,
939 2232 1110 2294 oppida
1133 2234 1359 2290 condunt,
1395 2298 1397 2302 V

155 2312 406 2361 Ploravere
431 2313 527 2359 suis
551 2330 645 2360 non
669 2308 953 2376 respondere
980 2316 1183 2363 favorem

155 2398 405 2459 Speratum
429 2396 621 2443 meritis.
689 2396 854 2444 Diram
878 2399 957 2460 qui
982 2401 1196 2448 contudit
1219 2402 1427 2464 hydram,

106 2532 110 2535 l
152 2480 371 2543 Notaque
397 2480 524 2526 fatali
548 2488 764 2542 portenta
785 2481 944 2529 labore
969 2484 1171 2546 subegit,

152 2563 396 2627 Comperit
418 2564 641 2611 invidiam
667 2581 886 2627 supremo
910 2566 1003 2613 fine
1024 2568 1217 2614 domari.

150 2647 257 2695 Urit
279 2648 408 2694 enim
433 2648 612 2710 fulgore
637 2665 737 2704 suo,
763 2650 842 2710 qui
866 2660 1125 2714 praegravat
1148 2660 1270 2699 artes

150 2729 283 2777 Infra
306 2747 356 2778 se
380 2731 556 2793 positas
577 2748 587 2777 ι
623 2731 884 2779 exstinctus
909 2734 1141 2782 amabitur
1165 2736 1304 2783 idem.

151 2813 377 2861 Praesenti
401 2815 487 2862 tibi
510 2824 717 2863 maturos
740 2816 965 2879 largimur
989 2819 1204 2879 honores,

150 2896 181 2942 J
184 2898 480 2960 urandasque
504 2907 639 2946 tuum
661 2916 744 2962 per
768 2916 943 2948 nomen
966 2902 1185 2964 ponimus
1208 2919 1334 2962 aras,

145 2978 229 3026 Nil
252 2980 483 3029 oriturum
507 2981 641 3040 αΙίὲε,
667 2983 734 3032 nil
759 2992 912 3034 ortum
936 2985 1029 3043 tale
1054 2985 1266 3036 fatentes

539 3066 634 3114 19*

1645 1990 1677 2036 5

1614 2405 1673 2451 10

1615 2826 1673 2873 15
