1894 3188
587 114 905 154 CARMINUM
931 115 1040 155 LIB.
1070 117 1148 156 III.

707 307 848 355 ODE
885 307 1029 356 VIII.

653 454 720 488 A'D
745 456 1064 491 MERCURIUM.

316 571 576 629 Mundum,
605 572 739 637 (nam
764 583 810 622 te
836 576 1006 624 docilis
1039 579 1268 641 magistro

314 656 468 705 Movit
492 658 737 720 Amphion
761 659 944 722 lapides
968 664 1228 729 canendo,)

312 740 503 805 Tuque,
528 743 731 803 testudo,
758 759 982 792 resonare
1007 755 1191 809 septem

710 827 898 875 Callida
922 830 1097 886 nervis,

309 909 419 958 Nec
438 911 609 973 loquax
633 912 745 959 olim
770 929 926 975 neque
951 923 1099 977 grata,
1126 932 1258 965 nunc
1281 927 1330 965 et

308 994 522 1042 Divitum
547 996 724 1042 mensis
749 1005 796 1043 et
821 998 976 1045 amica
1000 1001 1205 1062 templis,

308 1078 403 1126 Dic
427 1080 592 1126 modos
616 1080 749 1142 Lyde
774 1081 946 1142 quibus
969 1084 1232 1133 obstinatas

702 1165 927 1227 Applicet
951 1184 1088 1215 aures
1110 1186 1122 1226 3

304 1246 386 1293 Tu
409 1255 543 1309 potes
568 1247 714 1309 tigres
739 1250 1032 1312 comitesque
1058 1252 1200 1300 silvas

302 1330 511 1386 Ducere,
539 1340 586 1377 et
610 1324 734 1378 rivos
759 1333 941 1380 celeres
966 1338 1154 1385 morari.

297 1414 458 1462 Cessit
481 1415 702 1463 immanis
727 1417 813 1465 tibi
839 1418 1104 1467 blandienti

689 1500 876 1548 Janitor
902 1504 1021 1549 aulae

306 1583 573 1642 Cerberus3
609 1586 823 1646 quamvis
851 1586 1017 1634 furiale
1051 1598 1246 1639 centum
1299 1576 1312 1594 s

293 1667 519 1715 Muniant
544 1685 726 1731 angues
751 1680 894 1733 caput
919 1672 1038 1735 ejus,
1065 1683 1208 1737 atque

289 1752 496 1815 Spiritus
521 1762 641 1799 teter
667 1755 920 1817 saniesque
946 1766 1109 1804 manet

684 1839 782 1885 Ore
808 1840 1040 1904 trilingui.

285 1921 424 1972 Quin
449 1931 496 1968 et
521 1922 658 1969 Ixion
685 1923 949 1986 Tityosque
973 1927 1105 1974 vultu

286 2004 417 2052 Risit
442 2006 586 2053 invito
608 2024 618 2052 :
656 2008 786 2054 stetit
810 2025 930 2055 urna
953 2009 1149 2071 paulum

283 2089 442 2149 Sicca,
469 2091 583 2136 dum
607 2100 741 2152 grato
766 2091 929 2138 Danai
951 2093 1136 2154 puellas

677 2174 904 2221 Carmine
930 2176 1127 2223 mulces.

279 2258 461 2305 Audiat
485 2258 618 2319 Lyde
644 2258 799 2304 scelus
824 2267 965 2321 atque
990 2269 1127 2308 notas

275 2341 531 2405 Virginum
558 2359 737 2403 poenaS‚
764 2351 811 2389 et
835 2343 978 2390 inane
1002 2345 1206 2408 lymphae

278 2425 471 2474 Dolium
498 2426 645 2473 fundo
668 2427 910 2488 pereuntis
935 2428 1047 2485 imo,

664 2512 874 2574 Seraque
901 2512 995 2559 fata

266 2593 396 2645 Quae
420 2603 621 2642 manent
643 2596 806 2658 culpas
831 2597 974 2644 etiam
1000 2598 1088 2645 sub
1112 2598 1258 2648 Orco.

267 2678 446 2741 Impiae,
476 2678 609 2742 (narn
635 2680 746 2741 quid
771 2679 969 2743 potuere
995 2682 1148 2746 majus
1167 2684 1210 2750 Ἰ)

265 2761 430 2826 Impiae
455 2780 650 2825 sponsos
674 2763 871 2826 potudre
896 2767 1016 2813 duro

653 2847 858 2895 Perdere
883 2850 1007 2898 ferro
1028 2849 1037 2897 !

258 2929 367 2977 Una
390 2932 449 2978 de
475 2933 651 2988 multis,
679 2933 782 2979 face
807 2935 1010 2996 nuptiali

250 3012 431 3078 Digna,
457 3017 699 3079 perjurum
726 3017 814 3064 fuit
837 3018 887 3064 in
911 3029 1158 3081 parentem

514 3101 545 3146 6

1611 127 1671 177 61

1589 1347 1649 1394 10

1577 1768 1637 1814 15

1561 2187 1626 2234 20

1546 2607 1610 2656 25

1532 3027 1596 3076 30
