1894 3188
652 91 967 132 CARMINUM
993 91 1103 131 LIB.
1134 93 1191 131 11.

384 220 659 267 Submovet.
728 217 859 273 Non,
886 218 926 265 si
949 216 1075 265 male
1100 233 1249 275 nunc,
1275 228 1323 266 et
1345 220 1459 268 olim

385 302 470 350 Sic
493 302 584 349 erit
604 318 614 348 ;
651 301 892 363 quondam
915 301 1101 350 cithara
1124 310 1364 350 tacentem

383 385 597 433 Suscitat
619 385 833 441 Musam,
859 402 1015 448 neque
1040 402 1227 449 semper
1252 402 1417 434 arcum

711 469 911 526 Tendit,
946 471 1134 533 Apollo.

382 553 553 602 Rebus
577 554 792 617 angustis
815 555 1058 602 animosus
1082 563 1222 616 atque

381 638 537 685 Fortis
562 655 733 701 appare
755 656 766 685 :
803 639 1043 701 sapienter
1067 639 1197 687 idem

383 722 653 771 Contrahes
677 732 818 772 vento
843 723 1047 772 nimium
1073 725 1288 772 secundo

711 807 934 871 Turgida
956 809 1079 857 vela.

759 1141 900 1190 ODE
936 1142 1080 1190 VIII.

721 1291 789 1322 AD
814 1290 1118 1326 QUINCTIUM.

380 1411 521 1462 Qun>
548 1409 803 1456 bellicosus
828 1408 1085 1469 Cantaber,
1111 1419 1159 1456 et
1183 1411 1401 1473 Scythes,

382 1495 587 1557 Hirpine
610 1493 835 1549 Quincti,
861 1493 1056 1556 cogitet,
1084 1494 1267 1541 Hadria

444 1579 641 1626 Divisus
664 1578 869 1641 objecto,
895 1579 1110 1626 remittas

511 1662 746 1713 Quaerere
768 1679 780 1708 ε
816 1679 908 1709 nec
932 1663 1142 1726 trepides
1165 1663 1215 1711 in
1240 1680 1380 1711 usum

382 1746 633 1795 Poscentis
658 1747 744 1794 aevi
767 1763 941 1810 pauca.
1011 1747 1160 1810 Fugit
1183 1757 1310 1796 retro

383 1830 526 1879 Levis
549 1831 579 1878 J
584 1840 796 1892 uventas‚
823 1841 871 1879 et
889 1831 1067 1888 Decor,
1094 1832 1228 1879 arida

447 1916 663 1963 Pellente
687 1916 889 1964 lascivos
912 1916 1119 1964 Amores

513 2001 721 2060 Canitie‚
748 2001 1032 2063 facilemque
1059 2001 1308 2048 Somnum.

383 2083 497 2131 Non
521 2101 708 2147 semper
732 2085 861 2132 idem
885 2084 1079 2131 floribus
1103 2092 1175 2130 est
1199 2084 1349 2131 honor

382 2167 586 2226 Vernis3
612 2184 769 2230 neque
793 2185 891 2215 uno
915 2167 1056 2214 Luna
1079 2168 1258 2214 rubens
1276 2167 1397 2214 nitet

446 2252 626 2299 Vultu:
662 2252 777 2314 quid
802 2252 991 2299 aeternis
1015 2251 1248 2299 minorem

511 2336 739 2384 Consiliis
764 2337 977 2384 animum
1002 2336 1172 2399 fatigas
1193 2337 1212 2382 ἲ

381 2420 481 2468 Cur
506 2436 603 2468 non
628 2421 716 2468 sub
742 2421 834 2468 alta
858 2421 931 2468 vel
955 2421 1149 2484 platano
1171 2420 1246 2468 vel
1272 2420 1364 2469 hac

382 2504 506 2552 Pinu
536 2505 754 2569 jacentes
779 2505 850 2553 sic
872 2504 1071 2565 temere,
1096 2513 1145 2551 et
1167 2505 1273 2552 rosa

446 2589 608 2637 Canos
630 2590 817 2637 odorati
840 2590 1052 2652 capillos,

509 2673 640 2721 Dum
664 2674 790 2734 licet,
813 2674 1106 2736 Assyriaque
1126 2674 1275 2721 nardo

379 2757 608 2805 Potamus
631 2759 800 2805 uncti?
836 2758 1048 2821 Dissipat
1072 2758 1221 2805 Evius

378 2842 534 2890 Curas
557 2844 744 2891 edaces.
813 2842 942 2894 Quis
964 2859 1083 2906 puer
1105 2841 1239 2890 ocius

442 2926 736 2990 Restinguet
760 2926 971 2974 ardentis
996 2927 1190 2974 Falerni

507 3011 687 3059 Pocula
708 3020 1026 3074 praetereunte
1060 3011 1287 3078 lympha?

560 3098 593 3143 4

1661 98 1726 146 37

1662 472 1727 519 20

1667 2168 1727 2215 10

1663 2588 1724 2635 15

1652 3008 1718 3057 20
