1894 3188
193 108 259 157 82

722 107 773 154 Q.
801 106 1037 148 HORATII
1065 108 1269 149 FLACCI

454 232 627 291 Matre,
651 233 732 297 qui
755 234 898 297 largis
917 234 1185 298 juvenescit
1209 236 1370 283 herbis

843 317 902 365 In
927 334 1034 365 mea
1057 326 1179 374 vota,

454 401 632 449 Fronte
656 410 872 450 curvatos
895 402 1104 449 imitatus
1128 403 1266 465 ignes

454 484 675 533 Tertium
699 486 847 533 Lunae
872 485 1122 534 referentis
1144 495 1315 547 ortum,

452 567 569 621 Qua
592 581 754 618 notam
778 570 913 618 duxit
936 570 1102 617 niveus
1126 570 1292 627 videri,

847 655 1034 703 Caetera
1058 655 1227 702 fulvus.

871 1115 1009 1163 ODE
1044 1115 1112 1163 ΙΙ.

751 1279 816 1310 AD
853 1280 1162 1312 MELPOMENE
1169 1280 1215 1312 N.

709 1410 870 1463 QUEM
893 1421 961 1470 tu,
988 1413 1306 1477 Melpomene,
1332 1413 1476 1461 semel

449 1493 742 1554 Nasceptem
765 1495 953 1558 placido
976 1498 1156 1543 lumine
1182 1497 1373 1554 videris,

710 1579 852 1626 Illum
876 1596 972 1626 non
996 1581 1127 1626 labor
1160 1580 1390 1627 Isthmius

449 1660 663 1710 Clarabit
685 1661 910 1725 pugilem,
936 1677 1032 1709 non
1057 1678 1204 1723 equus
1228 1662 1429 1726 impiger

709 1746 866 1794 Curru
890 1746 1034 1792 ducet
1059 1745 1276 1793 Achaico

448 1830 691 1879 Victorem
711 1847 725 1888 ς
761 1845 915 1891 neque
939 1845 1014 1877 res
1039 1829 1210 1877 bellica
1234 1829 1387 1877 Deliis

707 1913 947 1961 Ornatum
974 1912 1096 1961 foliis
1121 1914 1310 1970 ducem,

446 1996 597 2049 Quod
620 2014 787 2061 regum
811 1997 1016 2044 tumidas
1041 1998 1310 2046 contuderit
1334 1997 1502 2054 minas,

708 2082 945 2129 Ostendet
970 2082 1234 2145 Capitolio:

448 2167 545 2215 Sed
567 2183 671 2229 quae
697 2166 852 2213 Tibur
877 2183 1008 2228 aquae
1033 2166 1184 2213 fertile
1207 2165 1473 2229 praefluunt,

708 2251 771 2297 Et
794 2250 954 2313 spissae
979 2267 1226 2298 nemorum
1251 2266 1416 2306 comae,

447 2334 657 2398 Fingent
682 2335 839 2382 AEolio
863 2335 1074 2382 carmine
1098 2335 1321 2382 nobilem.

711 2419 880 2466 Romae
904 2419 1133 2481 principis
1158 2419 1345 2465 urbium

447 2502 684 2566 Dignatur
708 2502 892 2549 soboles
917 2503 1038 2548 inter
1063 2502 1293 2548 amabiles

708 2586 885 2632 Vatum
909 2601 1083 2647 ponere
1109 2601 1183 2632 me
1208 2586 1377 2632 choros
1400 2602 1410 2642 ;

449 2670 512 2717 Et
532 2670 632 2732 jam
655 2669 797 2716 dente
822 2667 980 2715 minus
1004 2670 1218 2716 mordeor
1243 2669 1417 2717 invido.

709 2752 771 2808 O,
797 2752 1050 2800 testudinis
1074 2769 1229 2800 aureae

449 2836 652 2883 Dulcem
676 2852 779 2898 quae
804 2837 1062 2900 strepitum,
1090 2837 1231 2892 Pieri,
1263 2845 1498 2900 temperas
1519 2853 1532 2895 3

711 2919 756 2967 O
781 2921 923 2968 mutis
946 2937 1129 2983 quoque
1152 2921 1364 2983 piscibus

451 3002 697 3051 Donatura
720 3004 874 3066 cycni,
900 3005 939 3052 si
963 3005 1123 3062 libeat,
1149 3020 1315 3053 sonum
1337 3003 1346 3051 Ξ

1724 657 1786 703 60

1720 2138 1780 2212 1ὀ

1719 2586 1778 2631 15

1714 3003 1778 3050 20
