1894 3188
592 102 924 144 SATIRARUM
958 102 1067 143 LIB.
1096 102 1153 141 11.
1580 104 1676 152 165

138 229 322 278 Rufam
346 238 427 278 aut
451 229 682 278 Rufillam
708 229 925 292 appellet,
951 227 1153 290 sortique
1180 227 1352 274 marito

139 312 363 362 Destinet
385 329 609 371 uxorem3
647 313 903 361 interdicto
927 312 1040 359 huic
1064 326 1206 358 omne
1231 310 1408 358 adimat
1426 309 1505 374 jus

137 396 333 454 Praetor,
359 406 408 445 et
431 398 490 444 ad
515 413 657 444 sanos
681 397 820 444 abeat
844 397 993 445 tutela
1014 395 1317 459 propinquos.

136 480 274 532 Quid
295 484 305 530 l
343 483 383 529 si
407 482 511 545 quis
534 490 730 545 gnatam
753 498 839 544 pro
863 483 994 528 muta
1019 481 1218 528 devovet
1242 480 1382 543 agna,

138 565 334 629 Integer
359 574 431 613 est
455 565 602 613 animi
623 567 641 612 2
678 565 757 613 Ne
783 565 974 612 dixeris.
1045 565 1189 628 Ergo,
1215 563 1297 611 ubi
1320 579 1465 626 prava
1583 561 1682 610 220

138 650 364 710 Stultitia,
391 650 472 698 hic
496 659 568 698 est
591 666 778 698 summa
801 650 994 697 insania
1014 666 1025 696 ε
1062 649 1143 712 qui
1167 649 1442 708 sceleratuS‚

138 734 203 782 Et
227 735 432 782 furiosus
456 735 547 783 erit
569 752 580 782 :
616 751 759 798 quem
785 735 913 798 cepit
936 735 1087 782 vitrea
1110 736 1250 793 fama,

140 819 290 868 Hunc
313 820 658 868 circumtonuit
680 821 899 884 gaudens
925 819 1125 867 Bellona
1148 817 1400 866 cruentis)

140 903 291 952 Nunc
315 921 421 968 age,
446 905 685 952 luxuriam
709 913 758 952 et
781 905 1144 952 Nomentanum
1164 903 1319 966 arripe
1343 917 1550 951 mecum.

140 988 320 1036 Vincet
343 990 473 1036 enim
497 990 666 1037 stultos
689 990 810 1037 ratio
835 989 1045 1036 insanire
1070 996 1284 1052 nepotes.
1587 984 1685 1034 225

139 1072 239 1120 Hic
264 1073 404 1121 simul
430 1074 618 1138 accepit
641 1074 901 1138 patrimoni
926 1074 1055 1120 mille
1080 1073 1276 1132 talenta,

141 1156 305 1205 Edicit
327 1159 534 1220 piscator
559 1157 646 1215 uti,
672 1159 930 1222 pomariuS,
958 1174 1152 1221 auceps,

139 1239 518 1305 Unguentarius,
544 1259 602 1289 ac
627 1243 782 1290 Tusci
807 1243 947 1289 turba
970 1242 1115 1305 impia
1139 1241 1247 1301 vici,

140 1324 267 1372 Cum
292 1326 468 1373 scurris
494 1326 654 1383 fartor,
681 1342 792 1374 cum
817 1327 1026 1382 Velabro
1049 1342 1191 1374 omne
1219 1324 1488 1384 macellum,
1589 1324 1689 1374 229

139 1408 289 1457 Mane
308 1411 503 1458 domum
518 1412 728 1460 veniant.
765 1411 902 1462 Quid
918 1412 1048 1458 turn?
1070 1411 1260 1458 Venere
1281 1410 1567 1472 frequentes.

139 1493 304 1542 Verba
328 1495 443 1543 facit
465 1496 576 1544 leno
597 1513 608 1543 ε
648 1496 928 1558 ‘Quidquid
953 1496 1086 1556 mihi,
1112 1495 1342 1558 quidquid
1366 1503 1414 1542 et
1437 1494 1608 1542 horum

139 1577 329 1643 Cuique
365 1581 495 1629 domi
530 1590 617 1642 est,
643 1581 693 1629 id
729 1581 874 1629 crede
909 1589 1046 1628 tuum
1066 1597 1077 1640 3
1115 1589 1164 1628 et
1200 1580 1273 1628 vel
1309 1594 1443 1628 nunc
1464 1586 1591 1643 pete,
1616 1577 1689 1624 vel

271 1667 408 1712 cras!

139 1748 327 1812 Accipe
337 1749 466 1812 ⁷·quid
492 1748 661 1798 contra
679 1750 872 1813 juvenis
896 1748 1197 1813 responderit
1220 1764 1412 1812 aequus:

141 1837 152 1856 ‘
173 1831 232 1878 In
255 1833 365 1880 nive
390 1834 590 1882 Lucana
615 1835 795 1882 dormis
818 1843 1056 1890 ocreatUS,
1083 1842 1135 1882 ut
1159 1849 1327 1896 aprum

141 1915 345 1964 Coenem
370 1933 486 1979 eg03
525 1928 577 1964 tu
601 1919 759 1979 pisces
784 1919 986 1965 hiberno
1010 1934 1071 1965 ex
1095 1933 1282 1978 aequore
1307 1915 1470 1964 vellis:
1592 1913 1691 1963 235

141 2001 318 2064 Segnis
342 2017 446 2063 ego,
478 2000 707 2063 indignus
731 2002 811 2062 qui
836 2002 1022 2049 tantum
1047 2000 1334 2062 possideam.
1404 1998 1556 2047 Aufer
1578 2015 1589 2044 ε

142 2086 292 2133 Sume
317 2085 404 2132 tibi
429 2084 618 2142 decies;
656 2085 744 2131 tibi
768 2085 1084 2140 tantundem3
1121 2083 1209 2131 tibi
1233 2083 1434 2146 triplex.’

142 2169 297 2217 Filius
323 2169 491 2232 AEsopi
516 2169 780 2216 detractam
804 2185 865 2215 ex
889 2184 1002 2215 aure
1027 2167 1254 2225 Metellae‚

143 2254 344 2302 Scilicet
367 2262 420 2300 ut
443 2253 606 2300 decies
630 2252 834 2300 solidum
859 2252 1150 2309 exsorberet,
1177 2260 1317 2300 aceto

144 2339 300 2387 Diluit
324 2338 565 2401 insignem
590 2338 792 2384 baccam
815 2354 825 2383 ε
863 2337 941 2399 qui
966 2337 1124 2384 sanior
1149 2353 1207 2384 ac
1232 2337 1271 2384 si
1591 2337 1690 2385 240

145 2423 272 2471 Illud
296 2423 424 2470 idem
449 2423 499 2469 in
524 2422 743 2484 rapidum
768 2421 946 2468 flumen
967 2421 1208 2490 jaceretve
1237 2421 1451 2470 cloacam
1472 2422 1491 2468 ’ἒ

144 2507 323 2560 Quinti
347 2507 603 2571 progenies
628 2506 754 2566 Arri,
780 2522 864 2569 par
889 2506 1048 2553 nobile
1078 2505 1292 2562 fratrum,

146 2593 195 2640 N
199 2592 390 2655 equitia,
417 2601 465 2639 et
488 2591 646 2655 nugiS,
671 2606 923 2654 pravorum
947 2598 996 2637 et
1019 2606 1179 2638 amore
1201 2590 1478 2653 gemellum,

147 2675 403 2724 Luscinias
428 2676 553 2724 soliti
578 2676 794 2738 impenso
817 2675 1052 2737 prandere
1077 2677 1338 2737 coemptas.

146 2760 395 2812 Quorsum
415 2761 589 2808 abeant
606 2762 624 2806 ‘l
652 2759 755 2806 sani
778 2767 828 2806 ut
847 2760 993 2815 creta,
1015 2775 1076 2806 an
1091 2759 1301 2807 carbone
1320 2759 1519 2808 notandi
1537 2760 1557 2806 ’ἱ
1591 2759 1690 2808 245

150 2844 412 2893 AEdificare
438 2861 587 2904 casas,
614 2843 864 2907 plaustello
889 2843 1150 2906 adjungere
1173 2859 1347 2903 mures,

149 2927 339 2976 Ludere
362 2945 448 2991 par
473 2929 640 2991 impar,
666 2927 877 2990 equitare
903 2928 952 2974 in
978 2928 1211 2975 arundine
1235 2928 1391 2991 longa,

150 3012 204 3059 Si
228 3028 370 3075 quem
393 3013 601 3061 delectet
625 3013 889 3072 barbatum,
916 3012 1132 3060 amentia
1153 3020 1322 3062 verset.
