1894 3188
671 60 998 102 SATIRARUM
1023 61 1131 102 LIB.
1161 61 1195 100 1.
1633 66 1729 116 127

200 186 457 236 Communi
483 202 625 234 sensu
647 186 790 249 plane
815 187 996 244 caret,''
1021 187 1276 249 inquimus·
1345 187 1515 235 Eheu!

156 259 366 324 >³⁴35&an
392 269 571 319 temere
597 270 646 317 in
672 279 856 318 nosmet
880 272 1034 335 legem
1059 271 1299 319 sancimus
1323 271 1532 335 iniquam
1553 270 1565 320 Ξ
1642 332 1643 335 ¹
1665 267 1715 329 ;·,’··’

106 352 108 354 ’
201 357 330 412 Nam
355 356 478 403 vitiis
504 371 646 402 nemo
669 355 772 402 sine
798 356 1039 403 nascitur-t
1075 356 1280 418 optimus
1304 355 1381 402 ille
1406 365 1479 404 est

201 439 306 491 Qui
331 439 538 486 minimis
562 428 792 502 urgetur]
839 439 1042 486 Amicus
1066 436 1233 499 dulciS,
1259 448 1311 486 ut
1336 455 1520 502 aequum
1543 447 1656 505 est,.

200 523 368 575 Quum
394 539 499 570 mea
521 531 797 585 compenset
819 523 945 570 vitiis
970 523 1108 579 bona,
1135 523 1346 585 pluribus
1371 520 1518 581 hisce,
1665 524 1729 572 '70

204 607 258 654 Si
283 605 424 653 modo
441 606 584 668 ,plura
607 606 723 653 mihi
748 607 872 675 bona
894 614 1018 666 sunt,
1044 607 1271 654 inclinet:
1310 607 1456 655 amari

203 690 257 738 Si
281 691 403 737 volet
428 691 516 737 hac
540 690 661 752 lege,
687 689 737 736 in
761 672 938 736 trutinet
961 699 1162 752 ponetur
1187 691 1369 740 effidem.

201 773 305 825 Qui
330 790 389 821 ne
413 773 658 821 tuberibus
681 774 881 836 propriis
904 774 1114 821 offendat
1138 774 1344 822 amicum

203 857 431 914 Postulat,
457 858 673 935 ignoscet
697 857 905 904 verrucis
930 857 1085 904 illius.
1124 874 1308 919 aequum
1332 866 1404 905 est

204 942 421 990 Peccatis
447 942 634 989 veniam
657 951 935 1004 poscentem
960 942 1158 989 reddere
1191 958 1367 995 rursus.
1664 944 1728 991 75

267 1026 502 1088 Denique,
528 1028 759 1088 quatenus
784 1026 940 1073 excidi
964 1025 1158 1111 penitus
1181 1027 1348 1073 vitium
1372 1026 1469 1082 irae,

152 1114 159 1174 J¹
203 1109 389 1157 Caetera.
412 1110 525 1156 item
549 1118 791 1172 nequeunt
815 1110 969 1156 stultis
994 1087 1251 1156 haerentia.
1289 1125 1373 1157 cur
1396 1125 1493 1157 non

157 1182 159 1186 Α
202 1192 499 1240 Ponderibus
523 1193 817 1255 modulisque
843 1193 939 1239 suis
963 1193 1084 1240 ratio
1108 1194 1267 1252 utitur,
1294 1209 1350 1240 ac
1373 1209 1449 1240 res

201 1275 265 1323 Ut
288 1291 482 1337 quaeque
506 1284 591 1334 est,
617 1275 683 1322 ita
706 1275 951 1338 suppliciis
973 1276 1145 1322 delicta
1170 1279 1361 1323 coercet
1382 1277 1400 1322 ’ἔ

201 1359 255 1406 Si
279 1358 382 1420 quis
406 1375 515 1405 eum
539 1375 742 1414 servum,
767 1359 977 1422 patinam
1002 1359 1082 1420 qui
1107 1359 1268 1406 tollere
1289 1360 1450 1422 jussus
1661 1360 1728 1408 80

200 1443 421 1489 Semesos
444 1443 599 1505 pisces
623 1442 925 1504 tepidumque
949 1442 1205 1505 ligurrierit
1224 1443 1318 1505 jus,

199 1525 258 1572 In
283 1542 426 1573 cruce
452 1526 657 1589 suffigat,
684 1525 907 1574 Labeone
932 1525 1142 1573 insanior
1166 1526 1289 1573 inter

202 1609 354 1656 Sanos
379 1610 576 1656 dicatur.
644 1609 844 1660 Quanto
869 1610 959 1657 hoc
984 1610 1203 1657 furiosius
1227 1618 1366 1672 atque

203 1691 364 1755 Majus
387 1702 637 1755 peccatum
661 1692 762 1740 est!
801 1693 1000 1740 Paulum
1027 1693 1220 1756 deliquit
1246 1694 1428 1741 amicus

201 1774 369 1838 (Quod
394 1775 484 1824 nisi
510 1778 761 1833 concedas,
787 1778 990 1824 habeare
1015 1777 1244 1842 insuavis)
1266 1795 1277 1837 3
1304 1778 1506 1826 acerbus
1659 1778 1723 1828 85

201 1858 373 1917 Odisti,
400 1868 447 1906 et
471 1859 610 1923 fugis,
635 1869 688 1908 ut
712 1861 981 1908 Drusonem
1006 1861 1189 1908 debitor
1215 1861 1336 1918 aeris,

197 1941 317 1997 Qui,
344 1942 450 1998 nisi,
477 1960 620 2005 quum
646 1944 800 1991 tristes
824 1945 996 1991 misero
1020 1938 1192 1991 Venere
1212 1946 1459 2002 Kalendae,

199 2024 476 2073 Mercedem
502 2035 582 2073 aut
605 2043 823 2074 nummos
845 2028 973 2074 unde
998 2029 1123 2074 unde
1143 2029 1358 2084 extricat,
1384 2045 1570 2077 amaras

201 2108 426 2155 Porrecto
445 2109 610 2172 jugulo
633 2110 865 2169 historias,
891 2111 1102 2172 captivus
1127 2119 1191 2170 ut,
1219 2112 1366 2160 audit.

198 2192 491 2239 Comminxit
514 2192 690 2240 lectum
714 2201 867 2255 potus,
894 2195 1116 2240 mensirve
1141 2195 1351 2242 catillum
1656 2197 1722 2245 90

197 2275 406 2323 Evandri
431 2276 648 2323 manibus
672 2276 833 2324 tritum
857 2277 1062 2339 dejecit3
1098 2278 1158 2325 ob
1183 2279 1310 2325 hanc
1340 2294 1457 2336 rem,

197 2359 298 2406 Aut
320 2360 523 2422 positum
549 2358 659 2407 ante
685 2361 791 2407 meai
815 2361 924 2423 quia
945 2362 1125 2424 pullum
1151 2362 1200 2409 in
1223 2371 1354 2425 parte
1379 2362 1525 2410 catini

195 2444 397 2491 Sustulit
421 2444 648 2504 esuriens,
674 2444 832 2492 minus
856 2446 949 2491 hoc
969 2445 1210 2507 jucundus
1243 2446 1426 2494 amicus

194 2527 268 2575 Sit
291 2527 421 2574 mihi.
489 2527 624 2579 Quid
652 2528 837 2586 faciam,
864 2529 903 2576 si
927 2529 1101 2577 furtum
1128 2530 1306 2590 fecerit,
1332 2539 1413 2578 aut
1437 2530 1476 2578 si

191 2610 459 2659 Prodiderit
481 2613 734 2660 commissa
757 2613 865 2669 fide,
892 2630 1173 2676 sponsumve
1200 2615 1420 2678 neg-sirit?
1653 2617 1718 2664 95

190 2694 346 2745 Queis
369 2697 497 2759 paria
522 2712 628 2744 esse
654 2695 752 2744 fere
776 2697 955 2760 placuit
979 2707 1189 2761 peccata,
1217 2699 1435 2747 laborant

190 2777 358 2828 Quum
400 2788 593 2828 ventum
634 2782 693 2828 ad
734 2797 897 2828 verum
939 2789 1010 2828 est
1030 2798 1041 2828 τ
1087 2798 1255 2829 sensus
1279 2799 1526 2846 moresque
1550 2798 1719 2848 repug-

317 2872 450 2920 nant,

187 2941 344 3005 Atque
369 2944 471 3007 ipsa
494 2945 685 3003 utilitas,
706 2945 821 3009 justi
844 2944 990 3010 prope
1015 2956 1164 2996 mater
1188 2955 1235 2995 et
1259 2947 1393 3011 aequi.
