1894 3188
169 106 277 156 234
701 98 752 145 Q.
783 98 1025 136 HORATII
1062 97 1208 135 FLAC
1214 98 1270 138 CI

238 236 270 258 “
294 227 347 275 Si
371 225 458 272 tibi
483 224 616 272 nulla
639 224 767 271 sitim
792 223 952 270 finiret
975 223 1115 285 copia
1137 224 1358 287 lymphae,

234 311 286 361 N
290 326 472 358 arrares
496 308 699 356 medicis
721 324 732 353 :
769 306 894 369 quod
918 306 1097 368 quanto
1120 308 1257 370 plura
1280 309 1476 370 parasti,

238 393 404 444 Tanto
429 394 565 456 plura
589 392 740 455 cupis,
766 391 950 438 nulline
976 391 1166 438 faterier
1192 393 1378 439 audes?

237 480 292 528 Si
315 480 488 537 vulnus
512 478 599 525 tibi
624 477 886 524 monstrata
910 476 1073 523 radice
1098 477 1171 523 vel
1198 477 1345 524 herba

236 563 352 612 Non
378 563 512 610 fieret
535 562 703 617 levius,
731 561 936 624 fugeres,
963 561 1124 608 radice
1152 562 1223 608 vel
1249 561 1397 608 herba
1695 563 1793 612 150

236 647 526 695 Proficiente
550 645 686 702 nihil,
713 645 962 693 curarier‘!
1023 646 1279 702 Audieras,
1313 646 1392 693 cui

237 732 367 780 Rem
393 731 439 777 di
465 731 713 789 donarent,
739 730 808 777 illi
833 730 1070 777 decedere
1094 747 1287 792 pravam

236 816 500 864 Stultitiam
520 833 531 873 3
569 823 632 871 et,
659 830 807 877 quum
833 814 897 862 sis
921 814 1074 861 nihilo
1101 815 1360 877 sapientior
1385 829 1445 862 ex
1466 830 1560 878 quo

236 900 428 949 Plenior
453 916 519 959 es,
546 908 708 946 tamen
733 899 883 946 uteris
907 898 1223 946 monitoribus
1246 900 1435 946 isdem?

237 985 306 1032 At
331 985 369 1032 si
395 984 570 1030 divitiae
594 985 882 1046 prudentem
907 984 1106 1030 reddere
1125 993 1337 1046 possent,
1690 985 1788 1033 155

237 1069 291 1116 Si
318 1069 547 1131 cupidum
571 1068 888 1130 timidumque
913 1067 1073 1114 minus
1111 1077 1156 1114 te
1179 1085 1188 1125 3
1227 1084 1399 1131 nempe
1423 1068 1632 1127 ruberes‚

240 1153 437 1200 Viveret
462 1153 511 1199 in
535 1152 674 1199 terris
698 1162 744 1199 te
765 1153 804 1199 si
829 1152 934 1214 quis
960 1152 1141 1199 avarior
1166 1169 1278 1199 uno.

308 1245 337 1266 “
362 1238 414 1284 Si
438 1237 681 1299 proprium
706 1245 778 1283 est
801 1238 926 1298 quod
951 1237 1055 1299 quis
1080 1237 1197 1283 libra
1223 1245 1463 1284 mercatus
1486 1246 1534 1285 et
1557 1254 1650 1285 aere
1673 1246 1761 1293 est,

236 1321 494 1377 Quaedam,
522 1322 561 1368 si
587 1322 745 1368 credis
770 1322 1015 1381 consultis,
1044 1322 1285 1383 mancipat
1309 1337 1455 1380 usus;

237 1406 342 1457 Qui
363 1415 408 1453 te
433 1406 588 1468 pascit
612 1422 740 1468 ager,
761 1414 872 1452 tuus
896 1414 968 1452 est
988 1423 1000 1463 ;
1026 1415 1073 1452 et
1097 1406 1282 1452 villicus
1307 1406 1443 1461 Orbi,
1689 1405 1784 1452 160

237 1489 407 1541 Quum
432 1499 618 1552 segetes
642 1498 796 1548 occat,
824 1490 910 1537 tibi
935 1506 1045 1536 mox
1070 1490 1308 1535 frumenta
1332 1491 1540 1547 daturas,

237 1575 315 1622 Te
341 1575 586 1621 domiuum
611 1574 768 1620 sentit.
840 1573 939 1619 Das
964 1589 1185 1619 nummos
1206 1590 1218 1629 ς
1256 1573 1435 1634 accipis
1459 1589 1613 1631 uvam,

237 1658 414 1717 Pullos,
439 1675 541 1716 ova,
569 1658 743 1704 cadum
768 1657 932 1703 temeti
955 1673 965 1701 :
1003 1673 1177 1718 nempe
1204 1657 1344 1702 modo
1363 1657 1453 1704 isto

237 1742 473 1790 Paulatim
498 1741 726 1788 mercaris
751 1757 935 1802 agrum,
963 1741 1161 1786 fortasse
1187 1740 1430 1796 trecentis,

238 1826 341 1873 Aut
365 1826 507 1872 etiam
534 1823 692 1886 supra,
718 1840 1021 1870 nummorum
1047 1823 1256 1869 millibus
1281 1833 1509 1885 emptum.
1682 1826 1776 1874 165

241 1910 378 1962 Quid
404 1909 560 1968 refert,
587 1908 716 1954 vivas
740 1916 990 1954 numerato
1014 1924 1180 1969 nuper,
1208 1923 1266 1953 an
1292 1907 1440 1954 oliin'l

236 1994 436 2056 Emptor
461 1992 650 2039 Aricini
674 1993 913 2054 quondam
937 1991 1158 2038 Veientis
1183 2000 1230 2037 et
1255 1991 1352 2037 arvi

236 2079 465 2141 Emptum
490 2085 649 2123 coenat
671 2075 790 2134 oluS,
816 2075 1030 2137 quamvis
1055 2075 1189 2121 aliter
1213 2083 1350 2136 putat
1370 2091 1380 2132 3
1420 2075 1592 2138 emptis

237 2162 342 2210 Sub
366 2168 556 2207 noctem
580 2159 787 2222 gelidam
806 2159 949 2221 lignis
974 2159 1225 2205 calefactat
1250 2161 1429 2204 aenum
1451 2175 1463 2204 :

239 2245 338 2292 Sed
363 2252 499 2290 vocat
522 2258 671 2304 usque
697 2258 852 2298 suum,
878 2244 969 2304 qua
992 2242 1193 2303 populus
1219 2241 1372 2288 adsita
1395 2241 1539 2288 certis
1684 2244 1781 2291 170

239 2327 497 2376 Limitibus
520 2327 679 2373 vicina
701 2326 878 2388 refugit
896 2325 1054 2388 jurgia
1075 2342 1086 2382 3
1122 2334 1346 2386 tanquam

236 2411 311 2459 Sit
335 2410 575 2473 proprium
599 2410 872 2471 quidquam,
897 2418 1076 2471 puncto
1100 2409 1222 2470 quod
1250 2408 1437 2455 mobilis
1454 2409 1598 2465 horae,

237 2496 386 2543 Nunc
410 2511 565 2556 prece,
593 2510 724 2541 nunc
746 2494 913 2556 pretio,
939 2510 1071 2540 nunc
1096 2494 1154 2552 vi,
1182 2509 1312 2539 nunc
1338 2502 1462 2540 sorte
1487 2495 1723 2556 suprema,

236 2578 483 2626 Permutet
506 2578 722 2626 dominos
747 2587 794 2624 et
818 2578 957 2624 cedat
981 2579 1030 2624 in
1056 2578 1206 2624 altera
1225 2578 1346 2640 jura.

239 2662 338 2720 Sic,
365 2663 475 2723 quia
497 2670 757 2725 perpetuus
781 2662 899 2708 nulli
925 2662 1064 2708 datur
1089 2678 1218 2716 usus,
1245 2670 1292 2708 et
1316 2661 1467 2707 haeres
1680 2662 1779 2709 175

241 2745 498 2795 Haeredem
523 2746 730 2805 alterius,
757 2746 884 2792 velut
908 2746 1037 2792 unda
1061 2744 1331 2807 supervenit
1355 2744 1549 2802 undam,

235 2828 371 2880 Quid
399 2829 488 2875 vici
514 2838 724 2891 prosunt,
751 2837 832 2876 aut
856 2831 1059 2877 horrea?
1095 2829 1266 2891 quidve
1292 2827 1512 2876 Calabris

238 2913 450 2960 Saltibus
474 2912 647 2974 adjecti
671 2913 874 2969 Lucani,
901 2913 940 2959 si
964 2913 1098 2959 metit
1122 2912 1281 2959 Orcus

235 2996 450 3045 Grandia
472 3012 583 3044 cum
605 2998 778 3062 parvis,
802 3014 900 3046 non
923 2996 1175 3045 exorabilis
1199 2996 1353 3043 auro?
