1894 3188
659 111 895 151 EPODON
921 111 1108 150 LIBER.
1585 117 1683 165 107

341 235 604 298 Petamque
629 236 785 283 vultus
810 237 978 284 umbra
1001 237 1158 284 curvis
1182 237 1439 300 unguibus,

605 319 732 370 Quae
759 320 828 367 vis
853 320 1064 368 Deorum
1089 330 1161 368 est
1184 321 1438 380 Manium;

340 403 404 452 Et
425 402 652 466 inquietis
677 404 902 452 adsidens
931 405 1221 468 praecordiis,
1615 405 1683 453 95

603 488 784 535 Pavore
809 505 1002 537 somnos
1028 489 1255 537 auferam.

339 570 439 620 Vos
461 571 600 619 turba
624 571 816 619 vicatim
843 573 956 620 hine
981 582 1029 620 et
1054 573 1168 620 hine
1193 572 1318 620 saxis
1340 580 1508 636 petens

607 655 886 703 Contundet
909 657 1160 704 obseoenas
1185 673 1320 704 anus.

337 738 451 787 Post
474 738 716 802 insepulta
742 740 957 788 membra
980 741 1201 788 different
1223 739 1323 804 lupi

604 823 666 870 Et
690 823 951 886 Esquilinae
977 825 1112 872 alites
1133 841 1144 871 :
1589 824 1682 872 100

337 905 510 971 Neque
535 908 626 955 hoo
650 919 888 970 parentes,
915 907 1037 956 heu!
1076 908 1194 955 mihi
1219 906 1526 972 superstites!

598 991 836 1055 Effugerit
860 993 1234 1056 spectaculum.''

740 1444 881 1491 ODE
917 1445 1004 1492 VI.

278 1610 333 1645 m
368 1610 584 1645 CASSIUM
621 1613 872 1656 SEVERUM,
909 1612 1115 1644 POETAM
1151 1613 1469 1647 MALEDICUM.

331 1745 476 1799 Qun)
501 1747 810 1795 immerentes
836 1748 1046 1811 hospites
1069 1764 1230 1805 vean,
1258 1748 1418 1813 canis,
1557 1706 1662 1790 κ(

289 1822 291 1827 ’
597 1831 809 1895 Ignavus
834 1832 1089 1879 adversum
1114 1832 1285 1895 lupos?

328 1912 468 1966 Quin
492 1913 588 1962 huo
614 1915 798 1972 inanes,
825 1916 863 1962 si
889 1925 1038 1978 potes,
1065 1916 1208 1962 vertis
1232 1915 1403 1974 minas,

597 2000 660 2047 Et
684 2016 760 2047 me
781 2016 1102 2047 remorsurum
1125 2000 1249 2063 petis
1267 2003 1284 2046 ‘f

331 2081 477 2142 Nam,
501 2082 656 2145 qualis
681 2091 762 2130 aut
787 2083 1028 2130 Molossus
1054 2092 1135 2130 aut
1154 2083 1309 2131 fulvus
1328 2083 1510 2143 Lacon,
1646 2086 1678 2131 5

594 2167 771 2213 Amica
796 2167 864 2213 vis
889 2167 1177 2229 pastoribus,

333 2250 493 2314 Agam
515 2265 599 2313 per
625 2250 743 2297 altas
768 2267 882 2297 aure
908 2251 1097 2298 sublata
1122 2251 1272 2307 nives,

591 2333 913 2396 Quaecunque
936 2336 1176 2397 praeeedet
1201 2336 1314 2383 fera.

330 2417 429 2475 Tu,
454 2433 598 2482 quum
625 2419 837 2466 timenda
862 2435 977 2466 voce
1003 2418 1253 2482 complesti
1278 2436 1465 2485 nemus,

594 2502 867 2565 Projectum
891 2504 1106 2550 odoraris
1130 2503 1306 2552 eibum.
1616 2504 1678 2553 10

327 2585 477 2644 Cave,
502 2602 632 2645 eave,
660 2603 864 2649 namque
890 2586 939 2634 in
965 2588 1113 2635 malos
1149 2589 1435 2651 asperrimus

590 2670 767 2717 Parata
789 2671 902 2718 tollo
926 2687 1106 2718 cornua
1127 2688 1138 2718 ε

327 2753 503 2807 Qualis
528 2753 785 2817 Lycambae
811 2763 997 2817 spretus
1022 2755 1170 2803 infido
1193 2772 1358 2819 gener,

589 2840 691 2886 Aut
716 2855 826 2885 acer
852 2839 1000 2886 hostis
1025 2839 1223 2903 Bupalo.
1325 2904 1327 2908 Α

328 2922 424 2983 An,
451 2923 491 2972 si
515 2923 621 2987 quis
647 2931 749 2970 atro
773 2923 917 2970 dente
943 2940 1018 2970 me
1041 2924 1276 2986 petiverit,
1483 2923 1489 2929 ’
1616 2926 1676 2973 lo

595 3007 785 3054 Inultus
810 3016 861 3054 ut
885 3007 1009 3055 flebo
1031 3024 1149 3073 puer
1171 3010 1189 3054 ἲ
