1894 3188
162 124 261 174 198
686 120 738 167 Q.
767 119 1011 160 HORATH
1040 119 1250 160 FLAcc1

227 248 308 294 Ad
332 261 463 294 mare
486 246 749 294 descendet
772 254 903 294 vates
926 255 1051 307 tuus,
1077 255 1126 295 et
1149 247 1239 295 sibi
1262 255 1442 311 parcet,

227 333 611 395 Contractusque
635 332 792 396 leget3
828 341 893 389 te,
919 332 1075 380 dulcis
1098 333 1266 393 amice,
1293 332 1466 380 reviset

227 416 353 465 Cum
379 416 636 480 ZephyriS‚
659 413 699 464 'si
723 418 977 477 concedes,
1003 426 1050 465 et
1073 417 1331 465 hirundine
1353 417 1522 481 prima.

292 502 423 559 Non,
449 519 542 565 quo
567 518 697 550 more
721 502 850 565 pyris
873 502 1002 551 vesci
1028 502 1234 550 Calaber
1254 503 1391 567 jubet
1414 504 1603 567 hospes,

226 587 308 635 Tu
333 604 409 634 me
434 587 590 634 fecisti
613 587 916 650 locupletem.
988 594 1018 617 ‘⁴
1035 587 1264 643 Vescere,
1292 587 1482 634 sodes.'’
1708 586 1770 633 15

228 680 258 703 “
275 673 305 720 J
309 689 385 719 am
405 671 519 719 satis
538 673 657 720 est.”
708 680 739 702 ‘⁵
756 673 825 720 At
842 681 894 719 tu
913 672 1218 734 quantumvis
1239 671 1398 719 tolle.’'
1449 676 1476 697 “
1495 668 1766 736 Benigne?

229 765 258 787 ‘⁴
274 757 389 804 Non
414 756 566 804 invisa
591 756 714 803 feres
736 756 898 820 pueris
921 756 1209 804 munuscula
1232 756 1434 819 parvis.'’

227 850 257 871 ‘⁴
275 842 401 889 Tam
426 850 591 888 teneor
616 841 757 897 dono,
783 840 926 903 quam
952 840 991 888 si
1016 840 1225 887 dimittar
1248 840 1500 888 onustus.'’

228 934 258 956 ‘⁶
275 926 340 973 Ut
362 926 506 972 libet:
544 925 649 972 haec
672 925 831 988 porcis
855 924 997 972 hodie
1021 925 1321 972 comedenda
1344 924 1620 988 relinquis.''

225 1010 460 1073 Prodigus
484 1018 531 1057 et
555 1010 727 1056 stultus
752 1010 898 1057 donat
922 1026 1025 1072 quae
1051 1009 1232 1073 spernit
1255 1018 1303 1056 et
1320 1009 1434 1057 odit.
1701 1007 1767 1055 20

224 1095 347 1142 Haec
372 1111 509 1158 seges
533 1095 745 1157 ingratos
769 1094 892 1153 tulit,
917 1103 966 1142 et
990 1094 1109 1141 feret
1131 1094 1353 1141 omnibus
1377 1093 1530 1141 annis.

223 1180 311 1226 Vir
336 1180 490 1226 bonus
513 1188 561 1226 et
585 1179 775 1242 sapiens
795 1179 954 1242 dignis
979 1179 1047 1227 ait
1070 1195 1175 1226 esse
1199 1188 1420 1242 paratus3

222 1264 332 1312 Nec
355 1273 517 1311 tamen
543 1264 731 1326 ignorat
754 1263 868 1325 quid
893 1263 1072 1310 distent
1096 1280 1189 1310 aera
1213 1263 1403 1326 lupinis.

223 1349 439 1412 Dignum
464 1349 697 1411 praestabo
720 1364 798 1395 me
823 1348 967 1396 etiam
991 1365 1076 1412 pro
1099 1349 1240 1396 laude
1266 1347 1507 1396 merentis.

222 1432 436 1483 Quod-si
462 1449 538 1479 me
563 1433 698 1479 noles
723 1449 923 1495 usquam
948 1433 1211 1492 discedere,
1239 1433 1412 1481 reddes
1699 1430 1763 1478 25

221 1517 367 1564 Forte
392 1518 531 1572 latus,
558 1513 720 1580 nigros
745 1518 950 1579 angusta
974 1518 1128 1565 fronte
1153 1518 1353 1580 capillos
1372 1534 1384 1575 ;

221 1601 422 1649 Reddes
447 1598 589 1647 dulce
614 1600 772 1662 loqui;
809 1602 982 1648 reddes
1006 1601 1162 1648 ridere
1187 1600 1433 1649 decorum.

288 1683 433 1732 Forte
460 1701 542 1746 per
567 1693 818 1747 angustam
843 1685 1002 1732 tenuis
1026 1686 1242 1733 nitedula
1264 1686 1434 1732 rimam

221 1771 461 1833 Repserat
485 1768 534 1814 in
559 1783 803 1814 cumeram
829 1768 1082 1827 frumenti3
1118 1778 1349 1831 pastaque
1373 1783 1536 1815 rursus

222 1858 299 1906 Ire
326 1859 449 1904 foras
472 1857 615 1920 pleno
638 1855 868 1903 tendebat
892 1870 1088 1916 corpore
1115 1852 1303 1899 frustra.
1696 1852 1763 1899 30

222 1942 316 1989 Cui
340 1941 542 1988 mustela
564 1940 746 2003 procul,
774 1943 801 1964 “
823 1938 876 1985 Si
900 1937 1019 1994 vis,'’
1046 1936 1127 1996 ait,
1157 1937 1411 2001 “effugere
1434 1937 1626 1996 isthinc,

221 2027 389 2075 Macra
414 2042 588 2074 cavum
611 2019 798 2087 repetes
823 2031 1028 2078 arctum,
1054 2037 1195 2084 quem
1221 2038 1383 2069 macra
1414 2021 1625 2069 subisti.''
1646 2061 1649 2063 .

222 2112 330 2159 Hac
355 2127 445 2173 ego
469 2110 507 2157 si
527 2108 784 2171 compellor
809 2106 1035 2170 imagine,
1061 2115 1239 2153 cuncta
1261 2106 1480 2169 resigno:

222 2197 331 2244 Nec
356 2210 573 2242 somnum
596 2192 749 2256 plebis
773 2192 931 2247 laudo,
958 2199 1090 2238 satur
1114 2190 1314 2237 altilium
1335 2208 1349 2249 3
1384 2205 1477 2238 nec

223 2280 337 2327 Otia
361 2279 537 2326 divitiis
561 2277 777 2324 Arabum
803 2275 1046 2322 liberrima
1068 2282 1215 2321 muto.
1694 2272 1760 2320 35

225 2364 360 2425 Saepe
386 2362 711 2410 verecundum
737 2359 941 2407 laudasti
962 2376 976 2417 ;
1012 2359 1217 2420 Rexque
1241 2357 1474 2420 Paterque

224 2448 417 2496 Audisti
442 2445 632 2502 coram3
668 2460 761 2492 nec
786 2444 928 2491 verbo
949 2442 1140 2506 parcius
1166 2443 1365 2490 absens:

225 2533 416 2595 Inspice
441 2531 479 2577 si
503 2545 694 2592 possum
720 2530 895 2576 donata
918 2543 1148 2590 reponere
1171 2527 1321 2574 laetus.

225 2617 371 2664 Haud
399 2614 522 2662 male
548 2614 891 2668 Telemachus,
916 2612 1073 2674 proles
1096 2610 1321 2674 patientis
1344 2608 1561 2672 Ulyssei:

1880 2315 1882 2317 ’
1882 2180 1894 2269 ἵης-εμπ.
1886 2136 1894 2173 ,κ-
1887 2099 1894 2127 .«.
1888 2075 1894 2085 »Δ

1874 2709 1894 2721 1
1872 2668 1894 2696 ...ἶ
1878 2578 1883 2626 “·-·
1880 2558 1884 2566 ·
1877 2435 1889 2546 υὴ-ικ

226 2707 251 2726 “
273 2701 385 2747 Non
411 2708 483 2746 est
507 2707 642 2761 aptus
667 2697 801 2760 equis
825 2697 993 2743 Ithace
1017 2696 1151 2743 locus
1171 2713 1182 2754 3
1220 2703 1272 2742 ut
1295 2710 1450 2756 neque
1472 2691 1627 2756 planis
1692 2691 1759 2739 40
1892 2758 1894 2762 ⁴

224 2786 477 2832 Porrectus
501 2782 680 2845 spatiis,
706 2797 862 2843 neque
886 2781 1046 2828 multae
1069 2779 1295 2842 prodigus
1322 2778 1480 2826 herbae
1502 2794 1512 2824 :
1871 2792 1892 2824 :t

225 2868 409 2926 Atride,
436 2865 588 2929 magis
613 2874 724 2928 apta
747 2865 833 2912 tibi
856 2873 940 2913 tua
962 2865 1088 2912 dona
1118 2862 1433 2925 relinquam.”

223 2953 429 3000 Parvum
454 2967 598 3013 parva
621 2951 825 2997 decent:
863 2949 980 2997 mihi
999 2949 1098 3013 jam
1122 2964 1218 2996 non
1243 2947 1375 3011 regia
1397 2945 1571 3004 Roma,

226 3038 322 3085 Sed
346 3051 550 3082 vacuum
575 3034 731 3082 Tibur
754 3034 926 3097 placet,
951 3041 1034 3082 aut
1056 3032 1247 3080 imbelle
1276 3031 1560 3079 Tarentum.
