1894 3188
614 134 946 177 SATIRARUM
980 136 1088 177 LIB.
1120 139 1174 178 II.
1599 146 1698 194 175
1772 180 1774 193 ›

158 258 403 316 Audieris,
432 264 460 286 “
480 260 630 308 haeres
647 263 673 283 '’
698 279 708 309 t
748 267 774 289 “
795 263 924 327 Ergo
947 280 1078 311 nunc
1103 263 1257 311 Dama
1282 264 1457 313 sodalis
1634 267 1701 316 90

159 343 414 407 Nusquam
441 353 512 391 est
533 346 542 392 1
581 346 709 392 unde
736 347 852 394 mihi
894 356 991 394 tam
1016 348 1182 395 fortem
1207 360 1396 411 tamque
1421 348 1611 398 fidelem
1629 350 1650 397 ’ἒ
1668 349 1696 372 ”

159 428 343 492 Sparge
368 429 599 476 subinde:
635 439 699 486 et,
726 431 766 477 si
790 431 983 494 paulum
1007 441 1154 494 potes,
1180 433 1492 495 illacrymare.
1561 434 1650 483 Est

158 512 348 560 Gaudia
369 513 649 576 prodentem
673 515 853 563 vultum
878 516 1049 563 celare,
1121 518 1420 580 Sepulcrum,

158 594 451 643 Permissum
476 597 682 658 arbitrio,
710 598 813 646 sine
839 601 1056 648 sordibus
1081 610 1299 649 exstrue:
1338 604 1480 651 funus

160 679 370 745 Egregie
396 681 576 729 factum
601 683 762 730 laudet
786 685 976 732 vicinia.
1048 686 1100 733 Si
1125 687 1228 748 quis
1631 689 1699 736 95

161 764 307 813 Forte
332 766 636 814 cohaeredum
662 768 819 816 senior
844 768 970 816 male
996 771 1179 826 tussiet‚
1208 771 1319 818 huic
1343 779 1394 819 tu

158 849 270 907 Die,
296 866 356 898 ex
378 860 510 914 parte
536 853 631 908 tua,
659 869 742 899 seu
768 853 902 900 fundi
928 854 1024 901 sive
1051 855 1219 902 domus
1244 855 1304 903 sit

158 934 370 998 Emptor,
397 936 686 998 gaudentem
712 953 908 985 nummo
932 946 978 985 te
1004 939 1239 986 addicere.
1313 940 1410 988 Sed
1432 955 1510 988 me

159 1017 422 1083 Imperiosa
445 1020 589 1067 trahit
613 1020 897 1085 Proserpina
918 1038 926 1069 :
964 1022 1081 1084 vive,
1109 1024 1320 1086 valeque.

697 1473 962 1520 SATIRA
999 1475 1088 1521 VI.

153 1620 267 1669 Hoc
292 1630 394 1670 erat
417 1621 467 1670 in
491 1623 638 1670 votis:
675 1624 844 1671 modus
869 1625 970 1687 agri
995 1641 1091 1672 non
1117 1625 1180 1674 ita
1204 1643 1420 1691 magnus,

153 1705 336 1754 Hortus
359 1707 455 1767 ubi,
483 1716 529 1754 et
554 1716 681 1756 tecto
704 1709 890 1756 vicinus
909 1710 1039 1773 jugis
1065 1728 1195 1773 aquae
1223 1713 1340 1773 fons,

154 1789 219 1836 Et
242 1791 434 1853 paulum
461 1792 588 1839 silvae
614 1809 753 1856 super
778 1794 852 1841 his
878 1794 1010 1842 foret.
1080 1797 1288 1844 Auctius
1314 1807 1453 1860 atque

152 1869 219 1918 Di
242 1871 414 1918 melius
439 1872 624 1920 fecere:
663 1875 784 1922 bene
809 1884 894 1923 est.
964 1876 1101 1924 Nihil
1128 1879 1328 1940 amplius
1352 1896 1448 1939 oro,

151 1953 287 2002 Maia
311 1965 441 2012 nate,
467 1957 559 2003 nisi
584 1967 636 2004 ut
659 1960 848 2021 propria
873 1961 977 2007 haec
1001 1961 1118 2007 mihi
1144 1979 1345 2011 munera
1369 1963 1503 2012 faxis.
1660 1969 1692 2015 5

151 2039 206 2086 Si
231 2055 385 2101 neque
410 2041 636 2103 majorem
664 2042 756 2089 feci
781 2035 963 2090 ratione
989 2045 1114 2091 mala
1138 2055 1295 2102 rem,
1288 2081 1291 2083 —

152 2122 263 2170 Nec
288 2140 392 2171 sum
419 2124 630 2171 facturus
654 2125 766 2173 vitio
791 2127 987 2189 culpave
1012 2128 1277 2176 minorem·
1265 2165 1278 2187 ,

151 2207 207 2254 Si
231 2223 429 2255 veneror
454 2208 624 2255 stultus
648 2210 765 2257 nihil
792 2211 976 2267 horum,
1016 2217 1042 2237 “
1062 2212 1108 2259 O
1133 2213 1172 2260 si
1198 2215 1400 2278 angulus
1424 2216 1503 2265 ille

149 2290 401 2339 Proximus
427 2293 638 2352 accedat,
665 2294 745 2355 qui
769 2311 900 2342 nunc
925 2296 1173 2344 denormat
1197 2299 1403 2361 agellum
1426 2299 1435 2347 !

151 2374 197 2422 O
222 2375 262 2422 si
285 2393 452 2423 urnam
480 2378 664 2440 argenti
691 2379 783 2425 sors
807 2396 910 2442 quae
935 2381 1052 2428 mihi
1076 2383 1334 2430 monstret!
1374 2393 1426 2432 ut
1449 2385 1533 2443 illi,
1629 2390 1690 2454 10

147 2459 401 2507 Thesauro
425 2461 632 2521 invento,
658 2462 738 2524 qui
763 2465 1086 2513 mercenarius
1111 2482 1278 2529 agrum

148 2542 292 2593 Illum
317 2545 472 2607 ipsum
497 2555 736 2594 mercatus
761 2549 921 2609 aravit,
948 2550 1080 2597 dives
1105 2552 1260 2599 amico

148 2627 360 2675 Hercule
379 2646 391 2686 3
410 2629 437 2650 '’
475 2630 514 2677 si
540 2632 664 2692 quod
685 2632 818 2679 adest
836 2642 1023 2695 gratum
1043 2635 1177 2698 juvat
1195 2653 1205 2682 ε
1243 2637 1333 2684 hac
1352 2654 1495 2701 prece
1515 2650 1562 2689 te
1584 2657 1683 2699 oro,

145 2710 331 2774 Pingue
355 2730 504 2776 pecus
529 2715 722 2763 domino
748 2717 911 2774 faciam,
938 2727 986 2766 et
1010 2728 1196 2780 caetera,
1222 2731 1393 2784 praeter

143 2794 435 2860 Ingenium3
473 2808 617 2862 utque
643 2801 780 2860 soleS‚
807 2811 966 2849 custos
991 2804 1108 2851 mihi
1134 2806 1368 2853 maximus
1393 2807 1538 2856 adsis,
1624 2811 1685 2858 15

143 2879 288 2943 Ergo,
314 2882 396 2929 ubi
421 2899 497 2930 me
522 2884 572 2931 in
598 2893 783 2931 montes
808 2899 855 2932 et
878 2886 928 2933 in
954 2903 1113 2935 arcem
1138 2905 1198 2936 ex
1221 2890 1337 2938 urbe
1357 2892 1550 2952 removi,

141 2962 277 3014 Quid
302 2965 433 3027 prius
458 2967 687 3015 illustrem
713 2969 885 3027 satiriS,
912 2970 1149 3035 Musaque
1173 2975 1419 3036 pedestri?

139 3046 248 3096 Nec
271 3050 396 3097 mala
420 3067 495 3099 me
520 3053 719 3101 ambitio
742 3054 912 3118 perdit,
939 3072 1032 3104 nec
1055 3057 1307 3120 plumbeus
1332 3059 1528 3118 Auster,
