1894 3188
569 103 886 146 CARMINUM
912 102 1020 143 LIB.
1049 102 1129 144 ΙΙΙ.

310 228 514 282 Quanto
537 230 737 292 quisque
761 230 852 277 sibi
875 229 1012 292 plura
1033 226 1298 290 negaverit,

317 315 364 361 A
389 315 462 361 dis
484 314 620 377 plura
643 314 776 362 feret.
845 313 930 362 Nil
954 310 1254 375 cupientium

316 396 491 444 Nudus
514 405 674 445 castra
694 406 820 460 peto,
845 405 895 444 et
917 396 1165 459 transfuga
1189 393 1388 442 divitum

580 481 748 540 Partes
771 481 987 543 linquere
1011 479 1164 543 gestio
1186 496 1196 537 ;

316 563 617 628 Contemptae
640 565 864 612 dominus
887 563 1180 627 splendidior
1203 562 1290 618 rei,

315 646 483 698 Quam
506 648 545 695 si
569 648 799 711 quidquid
823 656 925 695 arat
948 647 1151 711 impiger
1176 645 1397 710 Appulus

314 730 577 780 Occultare
600 733 720 780 meis
744 733 930 781 dicerer
955 731 1154 787 horreis,

578 816 787 881 Magnas
811 817 935 865 inter
959 832 1073 880 opes
1097 816 1251 879 inops..

316 900 452 948 Purae
476 901 604 950 rivus
627 918 777 964 aquae,
803 902 1016 964 silvaque
1037 901 1262 964 jugerum

317 984 604 1042 Paucorum,
629 997 677 1032 et
700 986 876 1049 segetis
900 994 1032 1033 certa
1055 985 1174 1033 fides
1197 1000 1331 1044 meae,

317 1067 604 1132 Fulgentem
627 1070 826 1132 imperio
851 1069 1016 1117 fertilis
1041 1069 1221 1118 Africae

576 1153 718 1201 Fallit
743 1162 868 1201 sorte
892 1153 1088 1201 beatior.
1116 1199 1120 1203 ,

314 1234 607 1298 Quanquam
631 1253 721 1283 nec
746 1237 963 1284 Calabrae
983 1237 1126 1284 mella
1149 1236 1310 1284 ferunt
1332 1251 1457 1299 apes,

316 1319 425 1366 Nec
451 1320 780 1382 Laestrygonia
803 1320 1027 1367 Bacchus
1050 1320 1101 1366 in
1126 1319 1356 1382 amphora

314 1403 607 1466 Languescit
630 1405 764 1460 mihi,
790 1421 883 1451 nec
906 1404 1106 1467 pinguia
1128 1403 1330 1452 Gallicis

576 1488 816 1536 Crescunt
838 1489 1014 1535 vellera
1036 1488 1231 1551 pascuis
1250 1505 1266 1546 3

314 1570 592 1633 Importuna
615 1581 774 1619 tamen
798 1573 1050 1635 pauperies
1074 1573 1208 1619 abest
1228 1590 1242 1630 3

312 1654 436 1714 Nec,
463 1656 502 1702 si
524 1656 660 1719 plura
684 1657 843 1712 velim,
869 1666 921 1703 tu
945 1657 1060 1703 dare
1082 1657 1308 1720 deneges.

311 1739 570 1788 Contracto
593 1740 765 1787 melius
788 1757 932 1804 parva
955 1741 1185 1804 cupidine
1226 1766 1228 1769 ·
1273 1748 1277 1769 ¹

570 1816 841 1888 Vectigalia
873 1825 1129 1888 porrigam,

312 1905 477 1957 Quam
502 1908 541 1954 si
565 1907 841 1972 Mygdoniis
864 1925 1067 1972 regnum
1092 1909 1306 1971 Alyattei·

314 1990 508 2054 Campis
532 1993 825 2041 continuem.
895 1993 1051 2040 Multa
1073 1993 1348 2055 petentibus

313 2073 501 2121 Desunt
523 2076 685 2123 multa.
755 2077 888 2124 Bene
912 2085 984 2123 est
1009 2076 1088 2123 cui
1113 2076 1248 2123 Deus
1271 2076 1442 2124 obtulit
1530 2086 1534 2089 '

569 2159 723 2206 Parca
746 2161 871 2222 quod
895 2158 1011 2207 satis
1034 2167 1107 2207 est
1129 2175 1292 2207 manu.

693 2493 832 2542 ODE
866 2494 985 2542 XII.

579 2644 645 2675 AD
682 2645 854 2677 AELIUM
888 2644 1103 2676 LAMIAM.

310 2762 441 2818 AELJ,
465 2770 652 2810 vetusto
675 2763 846 2811 nobilis
870 2766 927 2812 ab
953 2763 1117 2825 Lamo,

312 2846 545 2905 (Quando
568 2855 617 2894 et
638 2847 817 2910 priores
841 2848 955 2896 hinc
979 2849 1171 2897 Lamias
1195 2849 1353 2899 ferunt

371 2930 728 2991 DenominatOS‚
754 2940 803 2979 et
825 2940 1051 2996 nepotum

435 3015 526 3062 Per
548 3032 782 3066 memores
805 3033 958 3081 genus
981 3034 1123 3067 omne
1146 3018 1290 3068 fastos

491 3098 553 3147 6*

1591 103 1656 152 65

1596 982 1659 1029 30

1591 1825 1655 1871 40
