1894 3188
550 101 863 143 CARMINUM
890 101 996 141 LIB.
1026 100 1104 140 ΙΙΙ.

676 313 816 362 ODE
852 314 992 362 XIV.

640 464 708 495 AD
743 463 1035 497 TELEPHUM.

563 579 829 632 QUAN'rtTJM
853 581 997 630 distet
1019 580 1079 628 ab
1103 579 1286 630 Inacho

299 664 501 721 Codrus,
525 681 610 728 pro
632 666 787 727 patria
810 683 908 713 non
932 665 1128 713 timidus
1152 666 1285 724 mori,

561 747 756 807 Narras,
782 756 830 794 et
853 764 1007 811 genus
1033 749 1188 808 AEaci‚

297 832 359 900 Et
382 840 596 896 pugnata
619 848 758 880 sacro
781 832 907 880 bella
931 833 1018 880 sub
1043 833 1133 880 Ilio
1154 850 1165 878 ε

559 915 675 967 Quo
699 916 877 964 Chium
900 917 1052 980 pretio
1076 917 1251 964 cadum

295 999 584 1059 Mercemur,
609 999 714 1062 quis
738 1016 909 1062 aquam
931 1009 1166 1063 temperet
1188 1000 1396 1064 ignibus,

556 1083 673 1135 Quo
695 1084 938 1146 praebente
959 1085 1152 1132 domurn
1176 1093 1224 1132 et
1246 1086 1387 1147 quota

294 1168 506 1231 Pelignis
530 1183 718 1215 caream
744 1167 1011 1230 frigoribUS,
1038 1177 1183 1221 taces.

552 1251 630 1298 Da
653 1251 803 1297 Lunae
827 1250 1030 1314 propere
1056 1268 1206 1308 novae,

291 1335 367 1382 Da
390 1334 561 1383 Noctis
582 1334 764 1393 mediae,
791 1335 867 1390 da,
893 1351 1025 1406 puer3
1064 1337 1257 1399 auguris

551 1418 768 1466 Murenae
791 1436 801 1465 :
838 1419 989 1466 tribus
1014 1428 1094 1466 aut
1117 1436 1287 1467 novem

287 1504 556 1552 Miscentur
580 1503 766 1565 cyathis
788 1503 962 1566 pocula
985 1504 1263 1551 commodis.

549 1587 652 1638 Qui
678 1587 844 1635 Musas
869 1596 996 1635 amat
1019 1589 1240 1651 impares,

285 1672 475 1719 Ternos
498 1680 569 1719 ter
595 1673 794 1734 cyathos
819 1672 1046 1719 attonitus
1069 1682 1201 1735 petet

546 1756 725 1804 Vates:
761 1765 858 1803 tres
881 1756 1102 1819 prohibet
1124 1773 1269 1820 supra

283 1841 517 1888 Rixarum
541 1849 761 1888 metuens
785 1846 983 1905 tangere
1007 1841 1193 1898 Gratia,

542 1924 591 1972 Ν
596 1925 702 1972 udis
721 1925 892 1988 juncta
916 1926 1169 1973 sororibus,

281 2008 498 2055 Insanire
518 2008 665 2071 juvat.
735 2004 835 2056 Cur
859 2009 1192 2071 Berecynthiae

543 2091 747 2139 Cessant
771 2093 968 2140 flamina
990 2094 1118 2140 tibiae
1140 2095 1159 2139 ’ἒ

279 2177 378 2223 Cur
400 2175 578 2238 pendet
601 2176 746 2222 tacita
770 2176 928 2223 fistula
951 2193 1062 2223 cum
1085 2177 1219 2239 lyra‘!

542 2258 803 2306 Parcentes
827 2275 916 2323 ego
940 2260 1160 2307 dexteras

275 2344 371 2392 Odi
392 2361 403 2389 z
440 2359 608 2406 sparge
632 2343 790 2400 rosas}
813 2344 975 2391 audiat
998 2344 1189 2391 invidus

538 2427 825 2474 Dementem
849 2428 1097 2491 strepitum
1122 2428 1297 2491 Lycus,

276 2512 338 2560 Et
362 2511 518 2559 vicina
541 2511 644 2559 seni
669 2528 765 2560 non
791 2512 961 2561 habilis
985 2512 1130 2576 Lyco.

1493 62 1647 146 '67

1572 1337 1632 1384 10

1488 1758 1624 1804 ”15
