<?xml version="1.0" encoding="UTF-8"?>
<!DOCTYPE html PUBLIC "-//W3C//DTD XHTML 1.0 Transitional//EN"
    "http://www.w3.org/TR/xhtml1/DTD/xhtml1-transitional.dtd">
<html xmlns="http://www.w3.org/1999/xhtml" xml:lang="en" lang="en">
 <head>
  <title>
</title>
<meta http-equiv="Content-Type" content="text/html;charset=utf-8" />
  <meta name='ocr-system' content='tesseract 3.04.00' />
  <meta name='ocr-capabilities' content='ocr_page ocr_carea ocr_par ocr_line ocrx_word'/>
</head>
<body>
  <div class='ocr_page' id='page_1' title='image "./quintihoratiifla1928hora_0073.png"; bbox 0 0 1894 3188; ppageno 0'>
   <div class='ocr_carea' id='block_1_1' title="bbox 550 101 1107 146">
    <p class='ocr_par' dir='ltr' id='par_1_1' title="bbox 550 101 1107 146">
     <span class='ocr_line' id='line_1_1' title="bbox 550 101 1107 146; baseline -0.011 0"><span class='ocrx_word' id='word_1_1' title='bbox 550 102 864 146; x_wconf 88' lang='lat' dir='ltr'><strong>CARMINUM</strong></span> <span class='ocrx_word' id='word_1_2' title='bbox 890 101 998 142; x_wconf 91' lang='lat' dir='ltr'><strong>LIB.</strong></span> <span class='ocrx_word' id='word_1_3' title='bbox 1027 101 1107 141; x_wconf 94' lang='lat' dir='ltr'><strong>III.</strong></span> 
     </span>
    </p>
   </div>
   <div class='ocr_carea' id='block_1_2' title="bbox 296 226 1245 882">
    <p class='ocr_par' dir='ltr' id='par_1_2' title="bbox 296 226 1245 882">
     <span class='ocr_line' id='line_1_2' title="bbox 296 226 1214 296; baseline -0.009 -14"><span class='ocrx_word' id='word_1_4' title='bbox 296 234 375 282; x_wconf 88' lang='lat' dir='ltr'>Te</span> <span class='ocrx_word' id='word_1_5' title='bbox 398 230 643 296; x_wconf 85' lang='lat' dir='ltr'>flagrantis</span> <span class='ocrx_word' id='word_1_6' title='bbox 667 238 801 276; x_wconf 84' lang='lat' dir='ltr'>atrox</span> <span class='ocrx_word' id='word_1_7' title='bbox 823 229 940 276; x_wconf 86' lang='lat' dir='ltr'>hora</span> <span class='ocrx_word' id='word_1_8' title='bbox 963 226 1214 275; x_wconf 68' lang='lat' dir='ltr'>Caniculae</span> 
     </span>
     <span class='ocr_line' id='line_1_3' title="bbox 300 311 1218 378; baseline -0.009 -12"><span class='ocrx_word' id='word_1_9' title='bbox 300 317 472 365; x_wconf 80' lang='lat' dir='ltr'><strong>Nescit</strong></span> <span class='ocrx_word' id='word_1_10' title='bbox 495 325 691 378; x_wconf 83' lang='lat' dir='ltr'>tangere</span> <span class='ocrx_word' id='word_1_11' title='bbox 713 330 723 360; x_wconf 76' lang='grc' dir='ltr'>ε</span> <span class='ocrx_word' id='word_1_12' title='bbox 759 321 811 360; x_wconf 88' lang='lat' dir='ltr'>tu</span> <span class='ocrx_word' id='word_1_13' title='bbox 837 313 986 376; x_wconf 87' lang='lat' dir='ltr'>frigus</span> <span class='ocrx_word' id='word_1_14' title='bbox 1009 311 1218 359; x_wconf 83' lang='lat' dir='ltr'>amabile</span> 
     </span>
     <span class='ocr_line' id='line_1_4' title="bbox 628 395 1180 445; baseline -0.005 0"><span class='ocrx_word' id='word_1_15' title='bbox 628 397 791 445; x_wconf 86' lang='lat' dir='ltr'>Fessis</span> <span class='ocrx_word' id='word_1_16' title='bbox 815 412 1005 444; x_wconf 88' lang='lat' dir='ltr'>vomere</span> <span class='ocrx_word' id='word_1_17' title='bbox 1029 395 1180 443; x_wconf 85' lang='lat' dir='ltr'>tauris</span> 
     </span>
     <span class='ocr_line' id='line_1_5' title="bbox 564 480 1172 543; baseline -0.003 -14"><span class='ocrx_word' id='word_1_18' title='bbox 564 482 756 529; x_wconf 85' lang='lat' dir='ltr'>Praebes</span> <span class='ocrx_word' id='word_1_19' title='bbox 779 490 828 528; x_wconf 88' lang='lat' dir='ltr'>et</span> <span class='ocrx_word' id='word_1_20' title='bbox 849 480 1013 543; x_wconf 91' lang='lat' dir='ltr'>pecori</span> <span class='ocrx_word' id='word_1_21' title='bbox 1036 495 1172 543; x_wconf 84' lang='lat' dir='ltr'>vago.</span> 
     </span>
     <span class='ocr_line' id='line_1_6' title="bbox 304 564 1204 627; baseline -0.006 -12"><span class='ocrx_word' id='word_1_22' title='bbox 304 567 417 615; x_wconf 89' lang='lat' dir='ltr'>Fies</span> <span class='ocrx_word' id='word_1_23' title='bbox 441 566 674 615; x_wconf 89' lang='lat' dir='ltr'>nobilium</span> <span class='ocrx_word' id='word_1_24' title='bbox 698 575 750 613; x_wconf 92' lang='lat' dir='ltr'>tu</span> <span class='ocrx_word' id='word_1_25' title='bbox 774 581 960 627; x_wconf 91' lang='lat' dir='ltr'>quoque</span> <span class='ocrx_word' id='word_1_26' title='bbox 985 564 1204 624; x_wconf 88' lang='lat' dir='ltr'>fontium,</span> 
     </span>
     <span class='ocr_line' id='line_1_7' title="bbox 306 648 1245 713; baseline -0.004 -14"><span class='ocrx_word' id='word_1_27' title='bbox 306 651 389 699; x_wconf 91' lang='lat' dir='ltr'>Me</span> <span class='ocrx_word' id='word_1_28' title='bbox 414 652 605 699; x_wconf 77' lang='lat' dir='ltr'>dicente</span> <span class='ocrx_word' id='word_1_29' title='bbox 631 650 763 697; x_wconf 77' lang='lat' dir='ltr'>cavis</span> <span class='ocrx_word' id='word_1_30' title='bbox 787 650 1058 713; x_wconf 81' lang='lat' dir='ltr'>impositam</span> <span class='ocrx_word' id='word_1_31' title='bbox 1083 648 1245 696; x_wconf 90' lang='lat' dir='ltr'>ilicem</span> 
     </span>
     <span class='ocr_line' id='line_1_8' title="bbox 636 733 1195 796; baseline -0.002 -15"><span class='ocrx_word' id='word_1_32' title='bbox 636 734 789 794; x_wconf 81' lang='lat' dir='ltr'>Saxis,</span> <span class='ocrx_word' id='word_1_33' title='bbox 815 735 944 781; x_wconf 91' lang='lat' dir='ltr'>unde</span> <span class='ocrx_word' id='word_1_34' title='bbox 969 733 1195 796; x_wconf 85' lang='lat' dir='ltr'>loquaces</span> 
     </span>
     <span class='ocr_line' id='line_1_9' title="bbox 569 818 1188 882; baseline -0.003 -16"><span class='ocrx_word' id='word_1_35' title='bbox 569 819 799 882; x_wconf 69' lang='lat' dir='ltr'>Lymphae</span> <span class='ocrx_word' id='word_1_36' title='bbox 824 818 1055 866; x_wconf 90' lang='lat' dir='ltr'>desiliunt</span> <span class='ocrx_word' id='word_1_37' title='bbox 1077 827 1188 866; x_wconf 84' lang='lat' dir='ltr'>tuae.</span> 
     </span>
    </p>
   </div>
   <div class='ocr_carea' id='block_1_3' title="bbox 740 1170 1012 1218">
    <p class='ocr_par' dir='ltr' id='par_1_3' title="bbox 740 1170 1012 1218">
     <span class='ocr_line' id='line_1_10' title="bbox 740 1170 1012 1218; baseline 0.004 -1"><span class='ocrx_word' id='word_1_38' title='bbox 740 1170 882 1217; x_wconf 90' lang='lat' dir='ltr'>ODE</span> <span class='ocrx_word' id='word_1_39' title='bbox 917 1172 982 1218; x_wconf 89' lang='lat' dir='ltr'>X.</span> <span class='ocrx_word' id='word_1_40' title='bbox 1008 1213 1012 1218; x_wconf 91' lang='grc'><em>,</em></span> 
     </span>
    </p>
   </div>
   <div class='ocr_carea' id='block_1_4' title="bbox 677 1320 1038 1351">
    <p class='ocr_par' dir='ltr' id='par_1_4' title="bbox 677 1320 1038 1351">
     <span class='ocr_line' id='line_1_11' title="bbox 677 1320 1038 1351; baseline 0 -1"><span class='ocrx_word' id='word_1_41' title='bbox 677 1320 744 1350; x_wconf 91' lang='lat' dir='ltr'>AD</span> <span class='ocrx_word' id='word_1_42' title='bbox 781 1320 1038 1351; x_wconf 83' lang='lat' dir='ltr'><strong>ROMANOS.</strong></span> 
     </span>
    </p>
   </div>
   <div class='ocr_carea' id='block_1_5' title="bbox 318 1437 1313 1501">
    <p class='ocr_par' dir='ltr' id='par_1_5' title="bbox 318 1437 1313 1501">
     <span class='ocr_line' id='line_1_12' title="bbox 318 1437 1313 1501; baseline -0.005 -12"><span class='ocrx_word' id='word_1_43' title='bbox 318 1441 580 1489; x_wconf 76' lang='lat' dir='ltr'>HERCULIS</span> <span class='ocrx_word' id='word_1_44' title='bbox 605 1438 715 1498; x_wconf 84' lang='lat' dir='ltr'>ritu,</span> <span class='ocrx_word' id='word_1_45' title='bbox 742 1437 885 1485; x_wconf 75' lang='lat' dir='ltr'>modo</span> <span class='ocrx_word' id='word_1_46' title='bbox 911 1437 1085 1497; x_wconf 79' lang='lat' dir='ltr'>dictus,</span> <span class='ocrx_word' id='word_1_47' title='bbox 1111 1453 1140 1485; x_wconf 96' lang='lat' dir='ltr'>o</span> <span class='ocrx_word' id='word_1_48' title='bbox 1163 1437 1313 1501; x_wconf 86' lang='lat' dir='ltr'>plebs,</span> 
     </span>
    </p>
   </div>
   <div class='ocr_carea' id='block_1_6' title="bbox 319 1523 1310 2498">
    <p class='ocr_par' dir='ltr' id='par_1_6' title="bbox 319 1523 1310 2498">
     <span class='ocr_line' id='line_1_13' title="bbox 319 1523 1171 1586; baseline -0.005 -13"><span class='ocrx_word' id='word_1_49' title='bbox 319 1525 479 1573; x_wconf 87' lang='lat' dir='ltr'>Morte</span> <span class='ocrx_word' id='word_1_50' title='bbox 502 1523 722 1570; x_wconf 82' lang='lat' dir='ltr'>venalem</span> <span class='ocrx_word' id='word_1_51' title='bbox 745 1523 941 1586; x_wconf 88' lang='lat' dir='ltr'>petiisse</span> <span class='ocrx_word' id='word_1_52' title='bbox 965 1523 1171 1582; x_wconf 87' lang='lat' dir='ltr'>laurum,</span> 
     </span>
     <span class='ocr_line' id='line_1_14' title="bbox 320 1608 1169 1672; baseline -0.004 -14"><span class='ocrx_word' id='word_1_53' title='bbox 320 1609 484 1658; x_wconf 86' lang='lat' dir='ltr'>Caesar</span> <span class='ocrx_word' id='word_1_54' title='bbox 510 1609 733 1672; x_wconf 67' lang='lat' dir='ltr'>Hispana</span> <span class='ocrx_word' id='word_1_55' title='bbox 757 1608 932 1672; x_wconf 87' lang='lat' dir='ltr'>repetit</span> <span class='ocrx_word' id='word_1_56' title='bbox 957 1608 1169 1656; x_wconf 79' lang='lat' dir='ltr'>Penates</span> 
     </span>
     <span class='ocr_line' id='line_1_15' title="bbox 589 1692 1095 1741; baseline 0 0"><span class='ocrx_word' id='word_1_57' title='bbox 589 1692 591 1695; x_wconf 67' lang='grc'>’</span> <span class='ocrx_word' id='word_1_58' title='bbox 716 1693 885 1741; x_wconf 85' lang='lat' dir='ltr'>Victor</span> <span class='ocrx_word' id='word_1_59' title='bbox 912 1693 972 1739; x_wconf 82' lang='lat' dir='ltr'>ab</span> <span class='ocrx_word' id='word_1_60' title='bbox 995 1695 1095 1741; x_wconf 65' lang='lat' dir='ltr'>ora.</span> 
     </span>
     <span class='ocr_line' id='line_1_16' title="bbox 319 1775 1114 1842; baseline -0.006 -15"><span class='ocrx_word' id='word_1_61' title='bbox 319 1778 477 1827; x_wconf 85' lang='lat' dir='ltr'>Unico</span> <span class='ocrx_word' id='word_1_62' title='bbox 500 1778 718 1842; x_wconf 86' lang='lat' dir='ltr'>gaudens</span> <span class='ocrx_word' id='word_1_63' title='bbox 741 1775 916 1824; x_wconf 91' lang='lat' dir='ltr'>mulier</span> <span class='ocrx_word' id='word_1_64' title='bbox 940 1775 1114 1823; x_wconf 80' lang='lat' dir='ltr'>marito</span> 
     </span>
     <span class='ocr_line' id='line_1_17' title="bbox 323 1860 1107 1926; baseline -0.005 -16"><span class='ocrx_word' id='word_1_65' title='bbox 323 1862 543 1922; x_wconf 88' lang='lat' dir='ltr'>Prodeat‚</span> <span class='ocrx_word' id='word_1_66' title='bbox 565 1862 708 1926; x_wconf 86' lang='lat' dir='ltr'>justis</span> <span class='ocrx_word' id='word_1_67' title='bbox 730 1869 928 1925; x_wconf 85' lang='lat' dir='ltr'>operata</span> <span class='ocrx_word' id='word_1_68' title='bbox 951 1860 1073 1908; x_wconf 93' lang='lat' dir='ltr'>divis</span> <span class='ocrx_word' id='word_1_69' title='bbox 1094 1876 1107 1918; x_wconf 83' lang='lat'>3</span> 
     </span>
     <span class='ocr_line' id='line_1_18' title="bbox 324 1946 1181 1995; baseline -0.002 -1"><span class='ocrx_word' id='word_1_70' title='bbox 324 1946 388 1994; x_wconf 88' lang='lat' dir='ltr'>Et</span> <span class='ocrx_word' id='word_1_71' title='bbox 411 1962 542 1995; x_wconf 85' lang='lat' dir='ltr'>soror</span> <span class='ocrx_word' id='word_1_72' title='bbox 566 1946 685 1994; x_wconf 84' lang='lat' dir='ltr'>clari</span> <span class='ocrx_word' id='word_1_73' title='bbox 709 1946 849 1994; x_wconf 89' lang='lat' dir='ltr'>ducis</span> <span class='ocrx_word' id='word_1_74' title='bbox 871 1962 880 1993; x_wconf 89' lang='lat'>:</span> <span class='ocrx_word' id='word_1_75' title='bbox 919 1953 968 1992; x_wconf 88' lang='lat' dir='ltr'>et</span> <span class='ocrx_word' id='word_1_76' title='bbox 992 1946 1181 1993; x_wconf 82' lang='lat' dir='ltr'>decorae</span> 
     </span>
     <span class='ocr_line' id='line_1_19' title="bbox 722 2030 1141 2096; baseline -0.002 -19"><span class='ocrx_word' id='word_1_77' title='bbox 722 2030 951 2093; x_wconf 78' lang='lat' dir='ltr'>Supplice</span> <span class='ocrx_word' id='word_1_78' title='bbox 976 2030 1093 2076; x_wconf 61' lang='lat' dir='ltr'>vitta</span> <span class='ocrx_word' id='word_1_79' title='bbox 1137 2090 1141 2096; x_wconf 24' lang='lat'>⁵</span> 
     </span>
     <span class='ocr_line' id='line_1_20' title="bbox 327 2114 1310 2178; baseline -0.002 -16"><span class='ocrx_word' id='word_1_80' title='bbox 327 2114 586 2178; x_wconf 84' lang='lat' dir='ltr'>Virginum</span> <span class='ocrx_word' id='word_1_81' title='bbox 609 2122 786 2162; x_wconf 88' lang='lat' dir='ltr'>matres</span> <span class='ocrx_word' id='word_1_82' title='bbox 806 2114 1133 2176; x_wconf 87' lang='lat' dir='ltr'>juvenumque</span> <span class='ocrx_word' id='word_1_83' title='bbox 1157 2129 1310 2175; x_wconf 88' lang='lat' dir='ltr'>nuper</span> 
     </span>
     <span class='ocr_line' id='line_1_21' title="bbox 329 2197 1270 2261; baseline -0.002 -16"><span class='ocrx_word' id='word_1_84' title='bbox 329 2198 589 2261; x_wconf 89' lang='lat' dir='ltr'>Sospitum.</span> <span class='ocrx_word' id='word_1_85' title='bbox 658 2198 773 2256; x_wconf 83' lang='lat' dir='ltr'>Vos,</span> <span class='ocrx_word' id='word_1_86' title='bbox 798 2213 828 2245; x_wconf 91' lang='lat' dir='ltr'>o</span> <span class='ocrx_word' id='word_1_87' title='bbox 850 2197 1001 2259; x_wconf 88' lang='lat' dir='ltr'>pueri,</span> <span class='ocrx_word' id='word_1_88' title='bbox 1028 2204 1076 2243; x_wconf 88' lang='lat' dir='ltr'>et</span> <span class='ocrx_word' id='word_1_89' title='bbox 1098 2197 1270 2259; x_wconf 79' lang='lat' dir='ltr'>puellae</span> 
     </span>
     <span class='ocr_line' id='line_1_22' title="bbox 328 2281 1264 2344; baseline 0 -16"><span class='ocrx_word' id='word_1_90' title='bbox 328 2281 359 2328; x_wconf 84' lang='lat' dir='ltr'>J</span> <span class='ocrx_word' id='word_1_91' title='bbox 363 2298 438 2329; x_wconf 83' lang='lat' dir='ltr'>am</span> <span class='ocrx_word' id='word_1_92' title='bbox 462 2282 616 2328; x_wconf 88' lang='lat' dir='ltr'>virum</span> <span class='ocrx_word' id='word_1_93' title='bbox 640 2290 860 2344; x_wconf 65' lang='lat' dir='ltr'>expertae,</span> <span class='ocrx_word' id='word_1_94' title='bbox 887 2281 1014 2329; x_wconf 76' lang='lat' dir='ltr'>male</span> <span class='ocrx_word' id='word_1_95' title='bbox 1039 2281 1264 2329; x_wconf 89' lang='lat' dir='ltr'>ominatis</span> 
     </span>
     <span class='ocr_line' id='line_1_23' title="bbox 723 2366 1112 2414; baseline 0.003 -2"><span class='ocrx_word' id='word_1_96' title='bbox 723 2366 914 2413; x_wconf 83' lang='lat' dir='ltr'>Parcite</span> <span class='ocrx_word' id='word_1_97' title='bbox 938 2366 1112 2414; x_wconf 89' lang='lat' dir='ltr'>verbis.</span> 
     </span>
     <span class='ocr_line' id='line_1_24' title="bbox 332 2449 1154 2498; baseline 0.001 -1"><span class='ocrx_word' id='word_1_98' title='bbox 332 2450 430 2497; x_wconf 90' lang='lat' dir='ltr'>Hic</span> <span class='ocrx_word' id='word_1_99' title='bbox 449 2450 552 2497; x_wconf 91' lang='lat' dir='ltr'>dies</span> <span class='ocrx_word' id='word_1_100' title='bbox 576 2449 687 2497; x_wconf 77' lang='lat' dir='ltr'>vere</span> <span class='ocrx_word' id='word_1_101' title='bbox 713 2450 830 2497; x_wconf 91' lang='lat' dir='ltr'>mihi</span> <span class='ocrx_word' id='word_1_102' title='bbox 855 2450 1003 2498; x_wconf 87' lang='lat' dir='ltr'>festus</span> <span class='ocrx_word' id='word_1_103' title='bbox 1028 2459 1154 2498; x_wconf 81' lang='lat' dir='ltr'>atras</span> 
     </span>
    </p>
   </div>
   <div class='ocr_carea' id='block_1_7' title="bbox 333 2533 1287 2753">
    <p class='ocr_par' dir='ltr' id='par_1_7' title="bbox 333 2533 1287 2753">
     <span class='ocr_line' id='line_1_25' title="bbox 333 2533 1262 2598; baseline 0.003 -18"><span class='ocrx_word' id='word_1_104' title='bbox 333 2533 526 2581; x_wconf 88' lang='lat' dir='ltr'>Eximet</span> <span class='ocrx_word' id='word_1_105' title='bbox 549 2550 718 2581; x_wconf 86' lang='lat' dir='ltr'>curas:</span> <span class='ocrx_word' id='word_1_106' title='bbox 754 2550 845 2598; x_wconf 82' lang='lat' dir='ltr'>ego</span> <span class='ocrx_word' id='word_1_107' title='bbox 869 2551 962 2582; x_wconf 88' lang='lat' dir='ltr'>nec</span> <span class='ocrx_word' id='word_1_108' title='bbox 986 2536 1262 2593; x_wconf 88' lang='lat' dir='ltr'>tumultum,</span> 
     </span>
     <span class='ocr_line' id='line_1_26' title="bbox 334 2618 1287 2682; baseline 0.003 -16"><span class='ocrx_word' id='word_1_109' title='bbox 334 2618 444 2666; x_wconf 90' lang='lat' dir='ltr'>Nec</span> <span class='ocrx_word' id='word_1_110' title='bbox 467 2619 587 2667; x_wconf 87' lang='lat' dir='ltr'>mori</span> <span class='ocrx_word' id='word_1_111' title='bbox 611 2635 695 2682; x_wconf 88' lang='lat' dir='ltr'>per</span> <span class='ocrx_word' id='word_1_112' title='bbox 720 2619 815 2666; x_wconf 91' lang='lat' dir='ltr'>vim</span> <span class='ocrx_word' id='word_1_113' title='bbox 841 2629 1069 2678; x_wconf 86' lang='lat' dir='ltr'>metuam,</span> <span class='ocrx_word' id='word_1_114' title='bbox 1089 2629 1287 2669; x_wconf 90' lang='lat' dir='ltr'>tenente</span> 
     </span>
     <span class='ocr_line' id='line_1_27' title="bbox 727 2705 1108 2753; baseline 0.003 -2"><span class='ocrx_word' id='word_1_115' title='bbox 727 2705 918 2753; x_wconf 83' lang='lat' dir='ltr'>Caesare</span> <span class='ocrx_word' id='word_1_116' title='bbox 941 2713 1108 2753; x_wconf 85' lang='lat' dir='ltr'>terras.</span> 
     </span>
    </p>
   </div>
   <div class='ocr_carea' id='block_1_8' title="bbox 334 2787 1328 2851">
    <p class='ocr_par' dir='ltr' id='par_1_8' title="bbox 334 2787 1328 2851">
     <span class='ocr_line' id='line_1_28' title="bbox 334 2787 1328 2851; baseline 0.006 -18"><span class='ocrx_word' id='word_1_117' title='bbox 334 2787 376 2842; x_wconf 84' lang='lat' dir='ltr'>I,</span> <span class='ocrx_word' id='word_1_118' title='bbox 400 2795 510 2849; x_wconf 88' lang='lat' dir='ltr'>pete</span> <span class='ocrx_word' id='word_1_119' title='bbox 534 2797 853 2851; x_wconf 86' lang='lat' dir='ltr'>unguentum,</span> <span class='ocrx_word' id='word_1_120' title='bbox 879 2805 1013 2851; x_wconf 89' lang='lat' dir='ltr'>puer,</span> <span class='ocrx_word' id='word_1_121' title='bbox 1038 2798 1087 2837; x_wconf 87' lang='lat' dir='ltr'>et</span> <span class='ocrx_word' id='word_1_122' title='bbox 1111 2805 1328 2851; x_wconf 86' lang='lat' dir='ltr'>coronas,</span> 
     </span>
    </p>
   </div>
   <div class='ocr_carea' id='block_1_9' title="bbox 333 2871 1261 3092">
    <p class='ocr_par' dir='ltr' id='par_1_9' title="bbox 333 2871 1261 3092">
     <span class='ocr_line' id='line_1_29' title="bbox 335 2871 1249 2932; baseline 0.005 -14"><span class='ocrx_word' id='word_1_123' title='bbox 335 2871 400 2918; x_wconf 82' lang='lat' dir='ltr'>Et</span> <span class='ocrx_word' id='word_1_124' title='bbox 423 2872 596 2919; x_wconf 89' lang='lat' dir='ltr'>cadum</span> <span class='ocrx_word' id='word_1_125' title='bbox 621 2873 776 2920; x_wconf 84' lang='lat' dir='ltr'>Marsi</span> <span class='ocrx_word' id='word_1_126' title='bbox 799 2889 1061 2921; x_wconf 88' lang='lat' dir='ltr'>memorem</span> <span class='ocrx_word' id='word_1_127' title='bbox 1085 2876 1249 2932; x_wconf 90' lang='lat' dir='ltr'>duelli,</span> 
     </span>
     <span class='ocr_line' id='line_1_30' title="bbox 333 2956 1261 3022; baseline 0.003 -17"><span class='ocrx_word' id='word_1_128' title='bbox 333 2956 623 3020; x_wconf 78' lang='lat' dir='ltr'>Spartacum</span> <span class='ocrx_word' id='word_1_129' title='bbox 649 2957 688 3004; x_wconf 89' lang='lat' dir='ltr'>si</span> <span class='ocrx_word' id='word_1_130' title='bbox 712 2958 807 3019; x_wconf 71' lang='lat' dir='ltr'>qua</span> <span class='ocrx_word' id='word_1_131' title='bbox 829 2958 983 3019; x_wconf 87' lang='lat' dir='ltr'>potuit</span> <span class='ocrx_word' id='word_1_132' title='bbox 1005 2968 1261 3022; x_wconf 85' lang='lat' dir='ltr'>vagantem</span> 
     </span>
     <span class='ocr_line' id='line_1_31' title="bbox 727 3041 1090 3092; baseline 0.006 -2"><span class='ocrx_word' id='word_1_133' title='bbox 727 3041 917 3092; x_wconf 82' lang='lat' dir='ltr'>Fallere</span> <span class='ocrx_word' id='word_1_134' title='bbox 953 3051 1090 3092; x_wconf 84' lang='lat' dir='ltr'>testa.</span> 
     </span>
    </p>
   </div>
   <div class='ocr_carea' id='block_1_10' title="bbox 1575 100 1643 150">
    <p class='ocr_par' dir='ltr' id='par_1_10' title="bbox 1575 100 1643 150">
     <span class='ocr_line' id='line_1_32' title="bbox 1575 100 1643 150; baseline 0.015 -1"><span class='ocrx_word' id='word_1_135' title='bbox 1575 100 1643 150; x_wconf 84' lang='lat'>63</span> 
     </span>
    </p>
   </div>
   <div class='ocr_carea' id='block_1_11' title="bbox 1585 309 1647 355">
    <p class='ocr_par' dir='ltr' id='par_1_11' title="bbox 1585 309 1647 355">
     <span class='ocr_line' id='line_1_33' title="bbox 1585 309 1647 355; baseline -0.016 0"><span class='ocrx_word' id='word_1_136' title='bbox 1585 309 1647 355; x_wconf 85' lang='lat'>10</span> 
     </span>
    </p>
   </div>
   <div class='ocr_carea' id='block_1_12' title="bbox 1597 731 1656 777">
    <p class='ocr_par' dir='ltr' id='par_1_12' title="bbox 1597 731 1656 777">
     <span class='ocr_line' id='line_1_34' title="bbox 1597 731 1656 777; baseline -0.017 0"><span class='ocrx_word' id='word_1_137' title='bbox 1597 731 1656 777; x_wconf 82' lang='lat'>15</span> 
     </span>
    </p>
   </div>
   <div class='ocr_carea' id='block_1_13' title="bbox 1623 2200 1681 2245">
    <p class='ocr_par' dir='ltr' id='par_1_13' title="bbox 1623 2200 1681 2245">
     <span class='ocr_line' id='line_1_35' title="bbox 1623 2200 1681 2245; baseline 0.017 -1"><span class='ocrx_word' id='word_1_138' title='bbox 1623 2200 1681 2245; x_wconf 88' lang='grc'>10</span> 
     </span>
    </p>
   </div>
   <div class='ocr_carea' id='block_1_14' title="bbox 1623 2622 1682 2668">
    <p class='ocr_par' dir='ltr' id='par_1_14' title="bbox 1623 2622 1682 2668">
     <span class='ocr_line' id='line_1_36' title="bbox 1623 2622 1682 2668; baseline 0 0"><span class='ocrx_word' id='word_1_139' title='bbox 1623 2622 1682 2668; x_wconf 82' lang='grc'>15</span> 
     </span>
    </p>
   </div>
   <div class='ocr_carea' id='block_1_15' title="bbox 1621 3045 1685 3092">
    <p class='ocr_par' dir='ltr' id='par_1_15' title="bbox 1621 3045 1685 3092">
     <span class='ocr_line' id='line_1_37' title="bbox 1621 3045 1685 3092; baseline 0.016 -1"><span class='ocrx_word' id='word_1_140' title='bbox 1621 3045 1685 3092; x_wconf 78' lang='lat'>20</span> 
     </span>
    </p>
   </div>
  </div>
 </body>
</html>
