1894 3112
295 529 670 605 QUINTI
740 531 1189 593 HORATII
1256 533 1640 620 FLACCI

380 1310 408 1349 ὑ
735 1336 801 1367 AD
825 1335 1168 1368 MAECENATEM.

1336 1400 1379 1447 ,χ

249 1345 380 1547 M
417 1467 695 1529 MAEcENAs,
721 1471 868 1518 atavis
892 1471 1018 1518 edite
1042 1472 1247 1534 regibus,

151 1478 248 1615 [sss
415 1551 464 1600 O
485 1560 534 1599 et
555 1553 826 1616 praesidium
851 1562 898 1601 et
922 1555 1061 1601 dulce
1086 1556 1234 1602 decus
1258 1554 1444 1602 meum!

413 1636 538 1684 Sunt
560 1653 675 1699 quos
699 1638 936 1685 curriculo
958 1639 1199 1701 pulverem
1224 1638 1529 1703 Olympicum

411 1719 676 1784 collegisse
695 1722 859 1784 juvat3
896 1731 1113 1785 metaque
1139 1723 1329 1770 fervidis
1671 1789 1674 1793 .

407 1803 598 1852 Evitata
619 1806 746 1865 rotis,
772 1807 1018 1869 palmaque
1043 1808 1230 1863 nobilis,
1537 1851 1540 1854 .
1590 1847 1592 1849 >
1638 1827 1643 1829 ·
1676 1794 1736 1857 ”5

408 1887 668 1937 Terrarum
692 1891 907 1938 dominos
928 1891 1085 1938 evehit
1110 1892 1168 1937 ad
1201 1892 1316 1939 deos
1332 1908 1362 1952 :⁴>

407 1970 571 2028 Hunc,
598 1974 636 2020 si
660 1975 906 2021 mobilium
931 1976 1071 2021 turba
1089 1959 1355 2025 Quiritium

404 2053 570 2103 Certat
593 2057 870 2118 tergeminis
893 2058 1056 2103 tollere
1082 2058 1339 2105 honoribus
1356 2074 1392 2125 ᾗ)
1488 2103 1491 2106 .

402 2136 560 2196 Illum,
586 2139 624 2185 si
647 2139 835 2201 proprio
860 2140 1072 2186 condidit
1097 2141 1266 2189 horreo
1345 2128 1350 2136 ⁷

398 2220 649 2284 Quidquid
673 2223 732 2269 de
756 2222 950 2285 Libycis
974 2224 1171 2271 verritur
1200 2225 1337 2275 areis.
1668 2231 1728 2276 10

399 2304 698 2353 Gaudentem
721 2307 894 2370 patrios
918 2307 1097 2354 findere
1122 2298 1337 2357 sarculo*

396 2388 555 2453 Agros
579 2389 800 2438 Attalicis
824 2391 1174 2439 conditionibus

392 2471 654 2535 Nunquam
678 2474 917 2522 dimoveas
940 2484 991 2523 ut
1010 2462 1145 2523 ¹trabe
1171 2477 1346 2540 Cypria

392 2555 633 2620 Myrtoiim
657 2559 854 2621 pavidus
876 2568 1021 2607 nauta
1045 2570 1174 2608 secet
1198 2577 1345 2609 mare.
1704 2623 1708 2629 .

389 2639 676 2689 Luctantem
701 2643 868 2691 Icariis
893 2644 1113 2692 fluctibus
1138 2645 1358 2693 Africum
1657 2649 1717 2695 15

387 2722 631 2773 Mercator
654 2735 887 2784 metuenS‚
913 2729 1060 2775 otium
1086 2738 1132 2776 et
1155 2729 1316 2794 oppidi

386 2806 575 2857 Laudat
597 2827 706 2858 rura
724 2812 796 2858 sui
815 2829 825 2858 z
862 2828 971 2860 mox
994 2813 1146 2860 reficit
1169 2822 1293 2861 rates

382 2888 613 2950 Quasms,
638 2894 857 2944 indocilis
879 2898 1155 2961 pauperiem
1176 2897 1289 2960 pati.

577 2977 600 3022 1
