1894 3188
52 422 221 485 Μ
301 437 513 530 “x‘'
608 382 636 473 Χ
757 459 825 490 AD
860 455 1141 490 varerr.

410 581 544 632 QUIS
569 577 804 626 desiderio
829 577 889 624 sit
910 577 1061 640 pudor
1087 583 1170 623 aut
1193 575 1362 623 modus

414 665 541 713 Tam
566 663 666 711 cari
692 662 864 725 capitis
885 663 903 707 2
941 660 1152 723 Praecipe
1177 659 1404 722 lugubres

414 750 616 808 Cantus,
644 747 967 811 Melpomene,
994 746 1073 793 cui
1097 745 1325 808 liquidam
1350 743 1490 791 Pater

546 835 728 881 Vocem
753 849 863 879 cum
889 831 1071 878 cithare
1095 830 1272 907 dedit.-

415 919 545 982 Ergo
568 917 893 969 Quinctilium
917 924 1175 978 perpetuus
1200 930 1336 977 sopor

421 1004 567 1067 Urget
589 1001 597 1049 !
637 1002 716 1049 cui
741 1002 915 1060 Pudor,
941 1009 989 1047 et
1013 1000 1043 1046 J
1049 999 1219 1047 ustitiae
1246 1014 1374 1046 soror

418 1086 703 1150 Incorrupta
726 1085 888 1141 Fides,
915 1085 1136 1146 nudaque
1161 1083 1365 1142 Veritas,

546 1171 760 1223 Quando
783 1170 933 1216 ullum
959 1168 1171 1215 inveniet
1194 1183 1356 1230 parem
1375 1167 1393 1211 Ἰ

420 1255 588 1304 Multis
613 1256 691 1302 ille
717 1254 853 1301 bonis
878 1253 1047 1300 flebilis
1071 1252 1277 1309 occidit3
1336 1235 1389 1255 .-

419 1341 555 1389 Nulli
579 1339 778 1386 flebilior
803 1336 944 1400 quem
969 1337 1069 1396 tibi,
1097 1336 1284 1399 Virgili.

426 1425 508 1473 Tu
532 1421 704 1471 frustre‘t
727 1423 849 1485 pius,
875 1423 969 1469 heu
992 1420 1001 1467 Ε
1039 1437 1133 1468 non
1160 1421 1226 1467 ita
1249 1420 1483 1467 creditum

553 1506 717 1556 Poscis
739 1506 1064 1557 Quinctilium
1090 1506 1236 1583 deos-3

425 1593 574 1645 Quod
599 1592 637 1639 si
662 1590 894 1639 Threicio
918 1588 1140 1636 blandius
1165 1588 1360 1651 Orpheo

427 1677 658 1725 Auditam
681 1676 928 1722 moderere
953 1673 1198 1721 arboribus
1222 1673 1380 1732 fidem,

427 1763 541 1811 Non
566 1776 698 1808 vanae
722 1760 888 1807 redeat
912 1757 1107 1821 sanguis
1131 1757 1327 1820 imagini

560 1845 725 1896 Quam
750 1843 879 1906 virg&
903 1843 1047 1890 semel
1074 1841 1278 1897 horride„

431 1932 546 1980 Non
569 1929 691 1977 lenis
714 1928 937 1991 precibus
962 1927 1057 1974 fata
1080 1927 1344 1986 recludere,

431 2016 585 2080 Nigro
609 2012 889 2076 compulerit
913 2012 1188 2059 Mercurius
1212 2011 1361 2099 gregi.

435 2101 623 2149 Durum
644 2096 654 2144 Ι
694 2097 791 2144 Sed
815 2096 968 2143 levius
992 2096 1044 2143 fit
1067 2096 1298 2160 patientia

562 2181 815 2245 Quidquid
840 2181 1078 2245 corrigere
1102 2189 1174 2228 est
1196 2179 1344 2227 nefas.

727 2383 782 2391 ...-

821 2531 961 2579 ODE
995 2529 1138 2578 XXI.

761 2680 827 2712 DE
864 2680 992 2712 AELIO
1029 2678 1203 2711 LAMIA.

442 2802 609 2852 Musrs
634 2798 836 2854 amicus,
861 2797 1099 2845 tristitiam
1123 2804 1171 2843 et
1194 2803 1349 2843 metus

446 2885 659 2932 Tradam
681 2883 911 2946 protervis
935 2882 984 2928 in
1008 2896 1137 2927 mare
1162 2878 1407 2926 Creticum

517 2969 713 3016 Portare
737 2967 919 3013 ventis:
955 2965 1060 3028 quis
1085 2963 1172 3010 sub
1196 2964 1346 3010 Arcto

583 3053 695 3101 Rex
717 3050 894 3116 gelidae‘
911 3056 1148 3097 metuatur
1171 3062 1283 3103 orae,

1703 974 1716 985 ⁴*
1696 900 1754 961 &a

1703 1333 1761 1378 lo

1708 1755 1767 1800 15

1709 2173 1774 2220 20
