1894 3188
142 116 206 164 38

671 111 722 158 Q.
751 108 989 150 HORATII
1017 107 1221 148 FLACCI

815 321 955 369 ODE
988 322 1080 369 IX.

721 471 787 503 AD
824 471 1170 504 MAECENATEM.

412 590 462 639 N
467 607 573 638 oms
598 590 742 654 longa
765 591 874 638 ferae
899 590 1025 638 bella
1047 591 1096 639 N
1100 589 1340 646 umantiae,

416 675 525 723 Nec
550 675 721 722 durum
747 675 1088 732 Hannibalem,
1114 691 1205 723 nec
1231 674 1450 722 Siculum
1473 688 1602 721 mare

419 759 569 808 Pceno
591 776 884 823 purpureum
909 760 1158 824 sanguine,
1184 759 1404 807 mollibus

683 844 855 907 Aptari
880 845 1076 891 citharae
1101 844 1255 892 modis
1275 861 1286 902 ;

419 928 530 976 Nec
553 943 701 976 saevos
725 928 970 991 Lapithas,
995 937 1044 975 et
1067 928 1270 975 nimium
1294 943 1425 975 mero

422 1012 647 1075 Hylaeum
668 1030 679 1071 ;
717 1013 979 1060 domitosve
1005 1012 1248 1059 Herculea
1273 1028 1417 1059 manu

420 1097 634 1145 Telluris
653 1097 870 1160 juvenes,
897 1097 1026 1145 unde
1049 1097 1316 1160 periculum

687 1181 902 1245 Fulgens
927 1182 1218 1229 contremuit
1242 1182 1411 1231 domus

426 1267 622 1314 Saturni
647 1266 834 1313 veteris.
904 1265 1081 1328 Tuque
1103 1265 1403 1329 pedestribus

426 1350 575 1398 Dices
600 1350 808 1398 historiis
831 1350 998 1413 proelia
1022 1349 1239 1408 Caesaris,

428 1434 689 1490 Maecenas,
715 1433 899 1490 melitis,
925 1434 1163 1496 ductaque
1186 1449 1270 1496 per
1289 1434 1387 1480 vias

624 1530 646 1537 ·
695 1518 890 1581 Regum
914 1518 1038 1565 colla
1060 1517 1360 1564 minantium.

436 1603 521 1651 Me
547 1603 714 1650 dulces
738 1603 944 1650 dominae
969 1602 1113 1649 Musa
1136 1601 1401 1664 Licymniae

438 1687 639 1743 Cantus,
664 1702 741 1733 me
765 1686 913 1734 voluit
936 1686 1097 1733 dicere
1120 1684 1332 1732 lucidum

440 1771 703 1835 Fulgentes
726 1771 905 1830 oculos,
931 1779 979 1817 et
1003 1771 1126 1817 bene
1150 1770 1327 1817 mutuis

702 1855 877 1902 Fidum
901 1863 1070 1917 pectus
1096 1854 1335 1901 amoribus
1358 1871 1366 1900 :

438 1941 607 1992 Quam
632 1955 726 1987 nec
750 1939 872 1987 ferre
895 1940 1065 2002 pedem
1090 1938 1316 1986 dedecuit
1339 1937 1513 1994 choris,

441 2025 551 2073 Nec
575 2033 758 2071 certare
778 2024 904 2087 joco,
930 2039 1023 2070 nec
1047 2024 1159 2070 dare
1191 2022 1388 2069 brachia

443 2109 715 2156 Ludentem
739 2107 903 2154 nitidis
923 2107 1206 2170 virginibus,
1232 2122 1366 2153 sacro

708 2192 878 2239 Dianae
902 2191 1104 2238 celebris
1127 2191 1219 2238 die.

447 2278 580 2326 Num
603 2286 669 2336 tu,
694 2292 799 2339 quae
822 2276 978 2323 tenuit
1000 2276 1131 2322 dives
1156 2275 1488 2333 Achaemenes,

452 2363 553 2409 Aut
575 2361 767 2425 pinguis
791 2360 1009 2423 Phrygiae
1034 2359 1320 2423 Mygdonias
1343 2375 1471 2422 opes,

453 2446 732 2494 Permutare
757 2445 873 2491 velis
896 2444 1029 2491 crine
1053 2443 1330 2506 Licymniae,

720 2528 894 2576 Plenas
918 2536 999 2575 aut
1023 2527 1238 2575 Arabum
1262 2529 1461 2576 domos‘l

1708 1349 1768 1394 10
