1894 3188
141 132 239 182 138
672 131 725 177 Q.
754 130 992 170 HORATII
1018 127 1225 170 FLACCI

200 254 264 304 Ut
287 255 449 318 cupiat
473 255 720 313 formosus,
747 265 824 304 eat
847 257 1148 319 quacunque,
1177 256 1350 319 puellis

200 338 393 403 Injiciat
417 356 580 387 curam
605 340 847 402 quaercndi
872 340 1077 404 singula,
1102 341 1229 403 quali

199 423 271 470 Sit
296 423 434 479 facie,
460 426 568 471 sura
592 425 734 486 quali,
760 425 896 487 pede,
923 425 1084 480 dente,
1111 424 1283 488 capillo
1305 441 1315 470 :

199 507 282 554 Sic
305 507 384 570 qui
409 508 656 570 promittit,
683 508 829 564 cives,
856 507 1033 556 Urbem
1060 509 1149 555 sibi
1175 524 1319 564 curae,

197 591 457 654 Imperium
483 593 599 649 sore,
625 601 673 640 et
697 592 902 650 Italiam,
929 602 976 640 et
1000 593 1199 640 delubra
1222 593 1419 640 deorum
1441 608 1453 649 ;
1670 592 1736 641 35

194 675 311 726 Quo
334 686 467 739 patre
491 677 552 724 sit
576 685 732 733 natus,
760 693 874 724 num
899 678 1061 741 ignota
1084 686 1234 724 matre
1259 677 1558 732 inhonestus,

195 760 380 807 Omnes
406 762 628 809 mortales
651 778 818 809 curare
844 771 890 809 et
914 778 1125 824 quaerere
1150 762 1363 824 cogit.—

193 844 338 892 Tune
366 845 488 908 Syri,
516 846 696 905 Damae,
724 855 806 893 aut
829 846 1029 908 Dionysi
1052 847 1191 902 filius,
1219 847 1368 892 audes

190 928 412 993 Dejicere
437 947 463 977 e
489 947 604 977 saxo
629 931 772 989 cives,
800 940 880 978 aut
902 932 1089 978 tradere
1115 931 1300 977 Cadmo
1315 931 1403 977 'l—

153 1002 256 1061 '‘At
279 1014 462 1061 Novius
486 1015 670 1078 collega
693 1015 846 1078 gradu
870 1024 976 1077 post
999 1032 1075 1062 me
1101 1015 1235 1062 sedet
1258 1030 1383 1061 uno:
1666 1014 1730 1060 40

187 1098 408 1161 Namque
433 1097 505 1146 est
545 1100 639 1159 ille,
664 1108 796 1163 pater
821 1101 945 1162 quod
971 1109 1070 1146 erat
1113 1099 1444 1147 meus—Hoc
1481 1098 1565 1145 tibi
1611 1098 1728 1145 Pau-

316 1183 388 1230 lus

183 1266 246 1314 Et
270 1268 481 1315 Messala
505 1268 678 1315 videris
702 1271 718 1314 Ἰ
758 1271 825 1315 At
849 1269 944 1324 hic,
972 1269 1008 1315 si
1035 1269 1247 1331 plaustra
1272 1269 1482 1315 ducenta

181 1351 578 1414 Concurrantque
606 1353 704 1399 foro
728 1353 817 1400 tria
842 1354 1027 1409 funera,
1055 1370 1232 1415 magna
1257 1353 1447 1399 sonabit

179 1434 375 1483 Cornua
398 1437 519 1498 quod
549 1434 801 1499 vincatque
829 1438 965 1483 tubas
987 1454 996 1483 z
1035 1438 1201 1483 saltem
1226 1445 1357 1483 tenet
1385 1436 1474 1482 hoc
1498 1451 1599 1482 nOS.

245 1518 393 1567 Nunc
419 1520 474 1566 ad
503 1536 578 1566 me
604 1521 761 1578 redeo,
787 1521 1011 1566 libertino
1037 1530 1169 1584 patre
1195 1528 1389 1566 natum:
1657 1520 1721 1565 45

174 1601 338 1652 Quem
364 1604 539 1650 rodunt
563 1619 729 1649 omnes
754 1603 977 1650 libertino
1001 1612 1134 1665 patre
1160 1611 1324 1649 natum
1347 1619 1357 1660 ;

173 1686 337 1742 Nunc,
365 1686 490 1748 quia,
518 1687 781 1741 Maecenas,
809 1687 892 1733 tibi
919 1704 1023 1733 sum
1049 1687 1324 1744 convictor3
1366 1695 1413 1733 at
1435 1687 1564 1745 olim,

170 1768 320 1820 Quod
348 1771 463 1817 mihi
488 1781 675 1832 pareret
698 1771 823 1833 legio
851 1772 1080 1818 Romana
1102 1771 1309 1817 tribuno.

172 1853 416 1901 Dissimile
443 1856 533 1901 hoc
558 1855 624 1901 illi
651 1865 722 1901 est
744 1872 754 1901 :
793 1855 902 1916 quia
927 1871 1038 1913 non,
1068 1863 1118 1901 ut
1143 1855 1276 1901 forsit
1299 1856 1526 1901 honorem

169 1936 284 1984 Jure
309 1938 426 1984 mihi
452 1938 661 1985 invideat
685 1939 850 2000 quivis,
879 1939 943 1985 ita
967 1949 1013 1985 te
1038 1954 1222 2001 quoque
1249 1938 1456 1984 amicum
1479 1955 1492 1995 ς
1649 1940 1710 1984 50

168 2020 436 2069 Praesertim
461 2032 654 2069 cautum
681 2023 852 2085 dignos
878 2039 1135 2078 assumere,
1162 2024 1302 2084 prava

164 2105 445 2173 Ambitione
470 2107 650 2169 procul.
724 2106 937 2153 Felicem
964 2107 1125 2153 dicere
1150 2123 1246 2153 non
1273 2107 1364 2153 hoc

164 2173 249 2238 Me
275 2207 482 2252 possum,
510 2207 624 2237 casu
650 2189 777 2252 quod
803 2199 849 2237 te
874 2191 1067 2237 sortitus
1092 2190 1300 2237 amicum
1323 2207 1335 2246 3

163 2273 314 2321 Nulla
338 2275 515 2321 etenim
543 2274 629 2321 tibi
655 2291 730 2321 me
758 2275 850 2321 fors
876 2275 1074 2321 obtulit:
1112 2275 1319 2336 optimus
1342 2273 1454 2320 olim

163 2357 410 2420 Virgilius,
436 2368 542 2420 post
571 2359 699 2404 hunc
725 2358 915 2413 Varius,
938 2358 1103 2405 dixere
1128 2358 1240 2420 quid
1269 2374 1440 2404 essem.
1640 2360 1705 2404 55

166 2440 230 2488 Ut
255 2441 363 2487 veni
388 2440 564 2512 coram,
589 2442 838 2505 singultim
863 2459 1016 2504 pauca
1039 2443 1242 2501 locutus,

162 2523 330 2571 Infans
355 2541 560 2587 namque
585 2526 736 2588 pudor
759 2526 1041 2588 prohibebat
1065 2527 1199 2588 plura
1222 2525 1412 2588 profari,

159 2607 272 2656 Non
298 2624 388 2671 ego
412 2625 488 2655 me
514 2609 643 2656 claro
668 2619 832 2656 natum
858 2619 1006 2672 patre,
1033 2626 1129 2656 non
1154 2626 1244 2673 ego
1269 2609 1450 2656 circum

160 2691 246 2739 Me
273 2692 560 2739 Satureiano
585 2693 762 2753 vectari
786 2710 896 2740 rura
921 2694 1119 2748 caballo,

159 2776 272 2831 Sed,
297 2776 422 2837 quod
445 2793 589 2835 eram,
617 2793 775 2824 narro.
846 2778 1148 2840 Respondes,
1177 2786 1227 2824 ut
1250 2785 1362 2823 tuus
1385 2785 1457 2822 est
1482 2791 1599 2832 mos,
1635 2777 1701 2822 60

155 2858 316 2907 Pauca
336 2875 347 2905 z
383 2859 532 2917 abeo3
568 2870 616 2907 et
639 2877 836 2908 revocas
860 2877 988 2909 nono
1010 2860 1120 2923 post
1143 2876 1323 2916 mense,
1344 2859 1578 2923 jubesque

153 2942 273 2990 Esse
297 2943 346 2989 in
371 2943 632 2991 amicorum
659 2961 874 2992 numero.
943 2944 1178 3008 Magnum
1203 2945 1295 2991 hoc
1320 2960 1411 3006 ego
1434 2944 1577 3001 duco,

149 3023 301 3078 Quod
323 3026 486 3091 placui
509 3027 610 3086 tibi,
636 3027 716 3090 qui
741 3027 868 3091 turpi
892 3028 1107 3076 secernis
1131 3028 1402 3086 honesturn,
