1894 3188
563 97 803 138 CARMEN
833 96 1165 136 SAECULARE.

328 225 358 272 J
362 239 439 272 am
462 223 581 271 mari
605 224 824 285 terraique
848 238 1020 270 manus
1043 229 1262 285 potentes

327 307 506 356 Medus
531 306 842 369 Albanasque
867 307 1003 354 timet
1027 321 1221 353 secures
1241 322 1253 351 ε

330 391 439 439 Jam
466 391 662 454 Scythae
688 407 918 454 responsa
940 398 1126 454 petunt,
1151 389 1344 452 superbi

726 473 912 535 Nuper,
938 481 987 520 et
1009 472 1137 519 Indi.

330 558 439 606 Jam
468 556 630 616 Fides,
657 565 705 604 et
729 556 843 616 Pax,
870 566 918 604 et
942 557 1131 613 Honor,
1157 556 1414 620 Pudorque

331 641 542 698 Priscus,
567 649 616 688 et
639 641 862 704 neglecta
885 642 1041 688 redire
1066 641 1234 689 Virtus

331 727 496 774 Audet
516 743 529 783 3
562 734 854 790 ¹apparetque
878 725 1021 773 beata
1043 726 1187 788 pleno

730 809 884 872 Copia
907 825 1072 857 cornU.

333 894 505 956 Augur
529 901 578 941 et
601 893 816 956 fulgente
841 894 1046 940 decorus
1071 909 1187 940 arcu

334 977 561 1033 Phoebus,
588 986 908 1040 acceptusque
934 993 1107 1024 novem
1131 977 1394 1033 Camoenis,

333 1061 437 1112 Qui
462 1061 656 1108 salutari
680 1062 807 1108 levat
832 1070 930 1108 arte
957 1061 1106 1109 fessos

730 1144 956 1208 Corporis
981 1154 1124 1204 artus,

337 1229 391 1276 Si
415 1229 657 1291 Palatinas
680 1229 810 1276 videt
836 1246 998 1290 aequus
1018 1245 1153 1287 aras;

338 1311 561 1375 Remque
585 1313 859 1360 Romanam
884 1313 1172 1375 Latiumque
1197 1312 1311 1360 felix

340 1396 562 1443 Alterum
586 1396 636 1442 in
661 1396 864 1443 lustrum
888 1396 1154 1458 meliusque
1179 1412 1364 1459 semper

735 1480 964 1543 Proroget
988 1496 1156 1527 aevum.

337 1564 560 1626 Quaeque
586 1563 885 1611 Aventinum
909 1573 1042 1611 tenet
1066 1549 1406 1627 Algidumque,

336 1647 636 1699 Quindecim
661 1647 820 1695 Diana
843 1664 1014 1711 preces
1037 1647 1245 1696 virorum

338 1732 504 1787 Curet,
530 1740 578 1779 et
601 1732 722 1779 votis
744 1748 1002 1795 puerorum
1026 1732 1206 1779 amicas

740 1816 967 1879 Applicet
991 1833 1143 1864 aureS.

342 1900 465 1947 Haec
489 1900 658 1948 Jovem
683 1901 860 1948 sentire
885 1902 1093 1963 deosque
1118 1910 1320 1949 cunctos

343 1983 489 2045 Spem
512 1983 684 2031 bonam
710 1993 984 2045 certamque
1010 1985 1203 2031 domum
1228 1994 1434 2048 reporto,

342 2066 527 2114 Doctus
550 2076 598 2114 et
622 2067 790 2115 Phoebi
815 2069 989 2114 chorus
1014 2076 1061 2114 et
1084 2068 1254 2116 Dianae

737 2151 914 2198 Dicere
938 2151 1120 2198 laudes.

1574 98 1671 147 119

1610 389 1676 436 55

1615 810 1680 856 60

1618 1229 1682 1277 65

1622 1651 1686 1697 70

1626 2073 1690 2118 75
