<?xml version="1.0" encoding="UTF-8"?>
<!DOCTYPE html PUBLIC "-//W3C//DTD XHTML 1.0 Transitional//EN"
    "http://www.w3.org/TR/xhtml1/DTD/xhtml1-transitional.dtd">
<html xmlns="http://www.w3.org/1999/xhtml" xml:lang="en" lang="en">
 <head>
  <title>
</title>
<meta http-equiv="Content-Type" content="text/html;charset=utf-8" />
  <meta name='ocr-system' content='tesseract 3.04.00' />
  <meta name='ocr-capabilities' content='ocr_page ocr_carea ocr_par ocr_line ocrx_word'/>
</head>
<body>
  <div class='ocr_page' id='page_1' title='image "./quintihoratiifla1928hora_0240.png"; bbox 0 0 1894 3188; ppageno 0'>
   <div class='ocr_carea' id='block_1_1' title="bbox 164 98 1256 166">
    <p class='ocr_par' dir='ltr' id='par_1_1' title="bbox 164 98 1256 166">
     <span class='ocr_line' id='line_1_1' title="bbox 164 98 1256 166; baseline -0.011 0"><span class='ocrx_word' id='word_1_1' title='bbox 164 98 294 166; x_wconf 39' lang='lat'>230⁷</span> <span class='ocrx_word' id='word_1_2' title='bbox 699 113 749 159; x_wconf 82' lang='lat' dir='ltr'>Q.</span> <span class='ocrx_word' id='word_1_3' title='bbox 780 111 1021 152; x_wconf 84' lang='lat' dir='ltr'><strong>HORATII</strong></span> <span class='ocrx_word' id='word_1_4' title='bbox 1049 112 1256 154; x_wconf 82' lang='lat' dir='ltr'><strong>FLACCI</strong></span> 
     </span>
    </p>
   </div>
   <div class='ocr_carea' id='block_1_2' title="bbox 223 238 1774 3074">
    <p class='ocr_par' dir='ltr' id='par_1_2' title="bbox 227 238 1391 300">
     <span class='ocr_line' id='line_1_2' title="bbox 227 238 1391 300; baseline 0 -13"><span class='ocrx_word' id='word_1_5' title='bbox 227 239 416 288; x_wconf 86' lang='lat' dir='ltr'>Laudat</span> <span class='ocrx_word' id='word_1_6' title='bbox 440 238 645 298; x_wconf 89' lang='lat' dir='ltr'>venales,</span> <span class='ocrx_word' id='word_1_7' title='bbox 672 239 751 300; x_wconf 92' lang='lat' dir='ltr'>qui</span> <span class='ocrx_word' id='word_1_8' title='bbox 776 240 875 286; x_wconf 83' lang='lat' dir='ltr'>vult</span> <span class='ocrx_word' id='word_1_9' title='bbox 899 241 1166 296; x_wconf 81' lang='lat' dir='ltr'>extrudere,</span> <span class='ocrx_word' id='word_1_10' title='bbox 1192 256 1391 288; x_wconf 87' lang='lat' dir='ltr'>merces.</span> 
     </span>
    </p>

    <p class='ocr_par' dir='ltr' id='par_1_3' title="bbox 226 324 1444 388">
     <span class='ocr_line' id='line_1_3' title="bbox 226 324 1444 388; baseline 0 -16"><span class='ocrx_word' id='word_1_11' title='bbox 226 324 332 372; x_wconf 86' lang='lat' dir='ltr'>Res</span> <span class='ocrx_word' id='word_1_12' title='bbox 356 331 494 386; x_wconf 85' lang='lat' dir='ltr'>urget</span> <span class='ocrx_word' id='word_1_13' title='bbox 518 340 594 370; x_wconf 91' lang='lat' dir='ltr'>me</span> <span class='ocrx_word' id='word_1_14' title='bbox 619 324 762 383; x_wconf 81' lang='lat' dir='ltr'>nulla,</span> <span class='ocrx_word' id='word_1_15' title='bbox 789 340 897 371; x_wconf 89' lang='lat' dir='ltr'>meo</span> <span class='ocrx_word' id='word_1_16' title='bbox 921 341 1023 371; x_wconf 86' lang='lat' dir='ltr'>sum</span> <span class='ocrx_word' id='word_1_17' title='bbox 1049 342 1227 388; x_wconf 81' lang='lat' dir='ltr'>pauper</span> <span class='ocrx_word' id='word_1_18' title='bbox 1253 326 1302 372; x_wconf 90' lang='lat' dir='ltr'>in</span> <span class='ocrx_word' id='word_1_19' title='bbox 1323 326 1444 372; x_wconf 85' lang='lat' dir='ltr'>aere:</span> 
     </span>
    </p>

    <p class='ocr_par' dir='ltr' id='par_1_4' title="bbox 225 408 1664 470">
     <span class='ocr_line' id='line_1_4' title="bbox 225 408 1664 470; baseline 0.002 -15"><span class='ocrx_word' id='word_1_20' title='bbox 225 408 387 456; x_wconf 92' lang='lat' dir='ltr'>Nemo</span> <span class='ocrx_word' id='word_1_21' title='bbox 411 409 503 455; x_wconf 90' lang='lat' dir='ltr'>hoc</span> <span class='ocrx_word' id='word_1_22' title='bbox 527 424 820 470; x_wconf 80' lang='lat' dir='ltr'>mangonum</span> <span class='ocrx_word' id='word_1_23' title='bbox 847 409 1026 455; x_wconf 86' lang='lat' dir='ltr'>faceret</span> <span class='ocrx_word' id='word_1_24' title='bbox 1052 409 1137 456; x_wconf 89' lang='lat' dir='ltr'>tibi</span> <span class='ocrx_word' id='word_1_25' title='bbox 1161 426 1170 456; x_wconf 92' lang='lat'>:</span> <span class='ocrx_word' id='word_1_26' title='bbox 1209 426 1304 456; x_wconf 83' lang='lat' dir='ltr'>non</span> <span class='ocrx_word' id='word_1_27' title='bbox 1330 409 1508 456; x_wconf 73' lang='lat' dir='ltr'>temere</span> <span class='ocrx_word' id='word_1_28' title='bbox 1535 427 1563 457; x_wconf 88' lang='lat' dir='ltr'>a</span> <span class='ocrx_word' id='word_1_29' title='bbox 1587 426 1664 458; x_wconf 86' lang='lat' dir='ltr'>me</span> 
     </span>
    </p>

    <p class='ocr_par' dir='ltr' id='par_1_5' title="bbox 226 491 1551 551">
     <span class='ocr_line' id='line_1_5' title="bbox 226 491 1551 551; baseline 0 -10"><span class='ocrx_word' id='word_1_30' title='bbox 226 491 403 542; x_wconf 78' lang='lat' dir='ltr'>Quivis</span> <span class='ocrx_word' id='word_1_31' title='bbox 429 492 570 538; x_wconf 87' lang='lat' dir='ltr'>ferret</span> <span class='ocrx_word' id='word_1_32' title='bbox 595 493 721 538; x_wconf 90' lang='lat' dir='ltr'>idem</span> <span class='ocrx_word' id='word_1_33' title='bbox 744 509 754 537; x_wconf 79' lang='lat' dir='ltr'>z</span> <span class='ocrx_word' id='word_1_34' title='bbox 793 493 939 539; x_wconf 89' lang='lat' dir='ltr'>semel</span> <span class='ocrx_word' id='word_1_35' title='bbox 965 493 1044 539; x_wconf 86' lang='lat' dir='ltr'>hic</span> <span class='ocrx_word' id='word_1_36' title='bbox 1070 494 1291 549; x_wconf 84' lang='lat' dir='ltr'>cessavit,</span> <span class='ocrx_word' id='word_1_37' title='bbox 1319 503 1381 549; x_wconf 91' lang='lat' dir='ltr'>et,</span> <span class='ocrx_word' id='word_1_38' title='bbox 1408 503 1461 541; x_wconf 90' lang='lat' dir='ltr'>ut</span> <span class='ocrx_word' id='word_1_39' title='bbox 1484 494 1551 551; x_wconf 79' lang='lat' dir='ltr'>fit,</span> 
     </span>
    </p>

    <p class='ocr_par' dir='ltr' id='par_1_6' title="bbox 225 575 1774 639">
     <span class='ocr_line' id='line_1_6' title="bbox 225 575 1774 639; baseline 0.003 -17"><span class='ocrx_word' id='word_1_40' title='bbox 225 575 288 623; x_wconf 91' lang='lat' dir='ltr'>In</span> <span class='ocrx_word' id='word_1_41' title='bbox 314 577 455 623; x_wconf 87' lang='lat' dir='ltr'>scalis</span> <span class='ocrx_word' id='word_1_42' title='bbox 480 577 619 623; x_wconf 83' lang='lat' dir='ltr'>latuit</span> <span class='ocrx_word' id='word_1_43' title='bbox 644 585 862 623; x_wconf 86' lang='lat' dir='ltr'>metuens</span> <span class='ocrx_word' id='word_1_44' title='bbox 886 578 1140 639; x_wconf 89' lang='lat' dir='ltr'>pendentis</span> <span class='ocrx_word' id='word_1_45' title='bbox 1162 578 1375 624; x_wconf 74' lang='lat' dir='ltr'>habenae.</span> <span class='ocrx_word' id='word_1_46' title='bbox 1713 581 1774 626; x_wconf 89' lang='grc'>15</span> 
     </span>
    </p>

    <p class='ocr_par' dir='ltr' id='par_1_7' title="bbox 223 658 1444 724">
     <span class='ocr_line' id='line_1_7' title="bbox 223 658 1444 724; baseline 0.002 -18"><span class='ocrx_word' id='word_1_47' title='bbox 223 658 326 707; x_wconf 92' lang='lat' dir='ltr'>Des</span> <span class='ocrx_word' id='word_1_48' title='bbox 351 677 587 717; x_wconf 86' lang='lat' dir='ltr'>nummos,</span> <span class='ocrx_word' id='word_1_49' title='bbox 614 671 814 724; x_wconf 81' lang='lat' dir='ltr'>excepta</span> <span class='ocrx_word' id='word_1_50' title='bbox 839 661 957 708; x_wconf 88' lang='lat' dir='ltr'>nihil</span> <span class='ocrx_word' id='word_1_51' title='bbox 983 671 1028 708; x_wconf 90' lang='lat' dir='ltr'>te</span> <span class='ocrx_word' id='word_1_52' title='bbox 1054 662 1092 707; x_wconf 89' lang='lat' dir='ltr'>si</span> <span class='ocrx_word' id='word_1_53' title='bbox 1118 662 1230 724; x_wconf 83' lang='lat' dir='ltr'>fuga</span> <span class='ocrx_word' id='word_1_54' title='bbox 1253 662 1444 708; x_wconf 79' lang='lat' dir='ltr'>laedat.&#39;’</span> 
     </span>
    </p>

    <p class='ocr_par' dir='ltr' id='par_1_8' title="bbox 225 743 1327 807">
     <span class='ocr_line' id='line_1_8' title="bbox 225 743 1327 807; baseline 0.002 -17"><span class='ocrx_word' id='word_1_55' title='bbox 225 743 315 791; x_wconf 94' lang='lat' dir='ltr'>Ille</span> <span class='ocrx_word' id='word_1_56' title='bbox 342 744 460 790; x_wconf 86' lang='lat' dir='ltr'>ferat</span> <span class='ocrx_word' id='word_1_57' title='bbox 483 745 702 807; x_wconf 81' lang='lat' dir='ltr'>pretium,</span> <span class='ocrx_word' id='word_1_58' title='bbox 729 761 883 807; x_wconf 82' lang='lat' dir='ltr'>poenae</span> <span class='ocrx_word' id='word_1_59' title='bbox 908 762 1118 804; x_wconf 87' lang='lat' dir='ltr'>securus,</span> <span class='ocrx_word' id='word_1_60' title='bbox 1145 746 1327 807; x_wconf 88' lang='lat' dir='ltr'>opinor.</span> 
     </span>
    </p>

    <p class='ocr_par' dir='ltr' id='par_1_9' title="bbox 224 826 1412 887">
     <span class='ocr_line' id='line_1_9' title="bbox 224 826 1412 887; baseline 0.001 -11"><span class='ocrx_word' id='word_1_61' title='bbox 224 826 444 876; x_wconf 84' lang='lat' dir='ltr'>Prudens</span> <span class='ocrx_word' id='word_1_62' title='bbox 467 829 624 875; x_wconf 82' lang='lat' dir='ltr'>emisti</span> <span class='ocrx_word' id='word_1_63' title='bbox 650 829 869 876; x_wconf 89' lang='lat' dir='ltr'>vitiosum</span> <span class='ocrx_word' id='word_1_64' title='bbox 892 847 903 887; x_wconf 82' lang='lat'>3</span> <span class='ocrx_word' id='word_1_65' title='bbox 942 830 1070 876; x_wconf 86' lang='lat' dir='ltr'>dicta</span> <span class='ocrx_word' id='word_1_66' title='bbox 1094 829 1179 875; x_wconf 88' lang='lat' dir='ltr'>tibi</span> <span class='ocrx_word' id='word_1_67' title='bbox 1205 839 1276 877; x_wconf 87' lang='lat' dir='ltr'>est</span> <span class='ocrx_word' id='word_1_68' title='bbox 1301 831 1379 877; x_wconf 84' lang='lat' dir='ltr'>lex</span> <span class='ocrx_word' id='word_1_69' title='bbox 1401 848 1412 876; x_wconf 75' lang='lat' dir='ltr'>x</span> 
     </span>
    </p>

    <p class='ocr_par' dir='ltr' id='par_1_10' title="bbox 225 912 1773 1062">
     <span class='ocr_line' id='line_1_10' title="bbox 225 912 1461 977; baseline 0.001 -17"><span class='ocrx_word' id='word_1_70' title='bbox 225 912 500 975; x_wconf 89' lang='lat' dir='ltr'>Insequeris</span> <span class='ocrx_word' id='word_1_71' title='bbox 525 923 686 960; x_wconf 85' lang='lat' dir='ltr'>tamen</span> <span class='ocrx_word' id='word_1_72' title='bbox 712 915 856 972; x_wconf 87' lang='lat' dir='ltr'>hunc,</span> <span class='ocrx_word' id='word_1_73' title='bbox 883 924 930 961; x_wconf 87' lang='lat' dir='ltr'>et</span> <span class='ocrx_word' id='word_1_74' title='bbox 954 914 1034 960; x_wconf 88' lang='lat' dir='ltr'>lite</span> <span class='ocrx_word' id='word_1_75' title='bbox 1061 915 1258 960; x_wconf 87' lang='lat' dir='ltr'>moraris</span> <span class='ocrx_word' id='word_1_76' title='bbox 1284 915 1461 977; x_wconf 67' lang='lat' dir='ltr'>iniqua.</span> 
     </span>
     <span class='ocr_line' id='line_1_11' title="bbox 292 998 1773 1062; baseline 0.002 -17"><span class='ocrx_word' id='word_1_77' title='bbox 292 998 406 1045; x_wconf 77' lang='lat' dir='ltr'>Dixi</span> <span class='ocrx_word' id='word_1_78' title='bbox 432 1016 507 1045; x_wconf 90' lang='lat' dir='ltr'>me</span> <span class='ocrx_word' id='word_1_79' title='bbox 534 1000 720 1062; x_wconf 75' lang='lat' dir='ltr'>pigrum</span> <span class='ocrx_word' id='word_1_80' title='bbox 745 999 1070 1061; x_wconf 87' lang='lat' dir='ltr'>proficiscenti</span> <span class='ocrx_word' id='word_1_81' title='bbox 1095 999 1196 1054; x_wconf 87' lang='lat' dir='ltr'>tibi,</span> <span class='ocrx_word' id='word_1_82' title='bbox 1224 999 1320 1046; x_wconf 83' lang='lat' dir='ltr'>dixi</span> <span class='ocrx_word' id='word_1_83' title='bbox 1709 1000 1773 1048; x_wconf 79' lang='lat'>20</span> 
     </span>
    </p>

    <p class='ocr_par' dir='ltr' id='par_1_11' title="bbox 226 1081 1485 1145">
     <span class='ocr_line' id='line_1_12' title="bbox 226 1081 1485 1145; baseline 0 -16"><span class='ocrx_word' id='word_1_84' title='bbox 226 1081 430 1129; x_wconf 77' lang='lat' dir='ltr'>Talibus</span> <span class='ocrx_word' id='word_1_85' title='bbox 453 1083 622 1129; x_wconf 83' lang='lat' dir='ltr'>officiis</span> <span class='ocrx_word' id='word_1_86' title='bbox 646 1082 791 1145; x_wconf 70' lang='lat' dir='ltr'>prope</span> <span class='ocrx_word' id='word_1_87' title='bbox 820 1099 1041 1130; x_wconf 84' lang='lat' dir='ltr'>mancum</span> <span class='ocrx_word' id='word_1_88' title='bbox 1066 1100 1077 1140; x_wconf 83' lang='lat'><em>3</em></span> <span class='ocrx_word' id='word_1_89' title='bbox 1116 1099 1176 1129; x_wconf 89' lang='lat' dir='ltr'>ne</span> <span class='ocrx_word' id='word_1_90' title='bbox 1202 1100 1311 1130; x_wconf 86' lang='lat' dir='ltr'>mea</span> <span class='ocrx_word' id='word_1_91' title='bbox 1335 1100 1485 1130; x_wconf 85' lang='lat' dir='ltr'>saevus</span> 
     </span>
    </p>

    <p class='ocr_par' dir='ltr' id='par_1_12' title="bbox 225 1166 1375 1230">
     <span class='ocr_line' id='line_1_13' title="bbox 225 1166 1375 1230; baseline 0.002 -18"><span class='ocrx_word' id='word_1_92' title='bbox 225 1166 454 1229; x_wconf 83' lang='lat' dir='ltr'>Jurgares</span> <span class='ocrx_word' id='word_1_93' title='bbox 480 1168 537 1213; x_wconf 88' lang='lat' dir='ltr'>ad</span> <span class='ocrx_word' id='word_1_94' title='bbox 564 1176 609 1213; x_wconf 90' lang='lat' dir='ltr'>te</span> <span class='ocrx_word' id='word_1_95' title='bbox 635 1166 761 1229; x_wconf 71' lang='lat' dir='ltr'>quod</span> <span class='ocrx_word' id='word_1_96' title='bbox 799 1168 997 1230; x_wconf 86' lang='lat' dir='ltr'>epistola</span> <span class='ocrx_word' id='word_1_97' title='bbox 1022 1168 1152 1213; x_wconf 85' lang='lat' dir='ltr'>nulla</span> <span class='ocrx_word' id='word_1_98' title='bbox 1178 1168 1375 1214; x_wconf 87' lang='lat' dir='ltr'>veniret.</span> 
     </span>
    </p>

    <p class='ocr_par' dir='ltr' id='par_1_13' title="bbox 224 1249 1314 1314">
     <span class='ocr_line' id='line_1_14' title="bbox 224 1249 1314 1314; baseline -0.003 -13"><span class='ocrx_word' id='word_1_99' title='bbox 224 1249 361 1301; x_wconf 76' lang='lat' dir='ltr'>Quid</span> <span class='ocrx_word' id='word_1_100' title='bbox 386 1260 487 1297; x_wconf 87' lang='lat' dir='ltr'>tum</span> <span class='ocrx_word' id='word_1_101' title='bbox 511 1252 707 1313; x_wconf 80' lang='lat' dir='ltr'>profeci,</span> <span class='ocrx_word' id='word_1_102' title='bbox 735 1268 926 1298; x_wconf 86' lang='lat' dir='ltr'>mecum</span> <span class='ocrx_word' id='word_1_103' title='bbox 955 1252 1186 1298; x_wconf 79' lang='lat' dir='ltr'>facientia</span> <span class='ocrx_word' id='word_1_104' title='bbox 1206 1252 1314 1314; x_wconf 84' lang='lat' dir='ltr'>jura</span> 
     </span>
    </p>

    <p class='ocr_par' dir='ltr' id='par_1_14' title="bbox 227 1334 1638 1397">
     <span class='ocr_line' id='line_1_15' title="bbox 227 1334 1638 1397; baseline 0.001 -17"><span class='ocrx_word' id='word_1_105' title='bbox 227 1334 280 1380; x_wconf 83' lang='lat' dir='ltr'>Si</span> <span class='ocrx_word' id='word_1_106' title='bbox 305 1342 466 1380; x_wconf 85' lang='lat' dir='ltr'>tamen</span> <span class='ocrx_word' id='word_1_107' title='bbox 492 1343 699 1381; x_wconf 84' lang='lat' dir='ltr'>attentas</span> <span class='ocrx_word' id='word_1_108' title='bbox 721 1336 738 1379; x_wconf 64' lang='grc' dir='ltr'><strong><em>Ἰ</em></strong></span> <span class='ocrx_word' id='word_1_109' title='bbox 776 1334 1010 1384; x_wconf 79' lang='lat' dir='ltr'>Quereris</span> <span class='ocrx_word' id='word_1_110' title='bbox 1036 1352 1176 1397; x_wconf 87' lang='lat' dir='ltr'>super</span> <span class='ocrx_word' id='word_1_111' title='bbox 1202 1336 1293 1381; x_wconf 89' lang='lat' dir='ltr'>hoc</span> <span class='ocrx_word' id='word_1_112' title='bbox 1326 1335 1486 1391; x_wconf 86' lang='lat' dir='ltr'>etiam,</span> <span class='ocrx_word' id='word_1_113' title='bbox 1512 1334 1638 1397; x_wconf 71' lang='lat' dir='ltr'>quod</span> 
     </span>
    </p>

    <p class='ocr_par' dir='ltr' id='par_1_15' title="bbox 223 1417 1771 1549">
     <span class='ocr_line' id='line_1_16' title="bbox 223 1417 1771 1480; baseline 0 -15"><span class='ocrx_word' id='word_1_114' title='bbox 223 1417 516 1480; x_wconf 78' lang='lat' dir='ltr'>Exspectata</span> <span class='ocrx_word' id='word_1_115' title='bbox 539 1419 624 1464; x_wconf 90' lang='lat' dir='ltr'>tibi</span> <span class='ocrx_word' id='word_1_116' title='bbox 650 1435 745 1465; x_wconf 89' lang='lat' dir='ltr'>non</span> <span class='ocrx_word' id='word_1_117' title='bbox 772 1418 954 1464; x_wconf 85' lang='lat' dir='ltr'>mittam</span> <span class='ocrx_word' id='word_1_118' title='bbox 981 1419 1195 1465; x_wconf 81' lang='lat' dir='ltr'>carmina</span> <span class='ocrx_word' id='word_1_119' title='bbox 1220 1420 1439 1466; x_wconf 80' lang='lat' dir='ltr'>mendax.</span> <span class='ocrx_word' id='word_1_120' title='bbox 1705 1419 1771 1466; x_wconf 76' lang='lat'>25</span> 
     </span>
     <span class='ocr_line' id='line_1_17' title="bbox 291 1499 1260 1549; baseline 0 0"><span class='ocrx_word' id='word_1_121' title='bbox 291 1501 485 1549; x_wconf 85' lang='lat' dir='ltr'>Luculli</span> <span class='ocrx_word' id='word_1_122' title='bbox 512 1499 877 1548; x_wconf 51' lang='lat' dir='ltr'>miles⁴collecta</span> <span class='ocrx_word' id='word_1_123' title='bbox 902 1503 1074 1548; x_wconf 77' lang='lat' dir='ltr'>viatica</span> <span class='ocrx_word' id='word_1_124' title='bbox 1099 1503 1260 1549; x_wconf 90' lang='lat' dir='ltr'>multis</span> 
     </span>
    </p>

    <p class='ocr_par' dir='ltr' id='par_1_16' title="bbox 224 1586 1440 1641">
     <span class='ocr_line' id='line_1_18' title="bbox 224 1586 1440 1641; baseline 0 -8"><span class='ocrx_word' id='word_1_125' title='bbox 224 1586 491 1641; x_wconf 89' lang='lat' dir='ltr'>AErumnis,</span> <span class='ocrx_word' id='word_1_126' title='bbox 517 1586 669 1632; x_wconf 84' lang='lat' dir='ltr'>lassus</span> <span class='ocrx_word' id='word_1_127' title='bbox 695 1587 808 1631; x_wconf 84' lang='lat' dir='ltr'>dum</span> <span class='ocrx_word' id='word_1_128' title='bbox 834 1595 978 1631; x_wconf 91' lang='lat' dir='ltr'>noctu</span> <span class='ocrx_word' id='word_1_129' title='bbox 1006 1586 1174 1641; x_wconf 86' lang='lat' dir='ltr'>stertit,</span> <span class='ocrx_word' id='word_1_130' title='bbox 1203 1587 1260 1632; x_wconf 89' lang='lat' dir='ltr'>ad</span> <span class='ocrx_word' id='word_1_131' title='bbox 1288 1603 1440 1633; x_wconf 88' lang='lat' dir='ltr'>assem</span> 
     </span>
    </p>

    <p class='ocr_par' dir='ltr' id='par_1_17' title="bbox 225 1669 1665 1731">
     <span class='ocr_line' id='line_1_19' title="bbox 225 1669 1665 1731; baseline 0 -14"><span class='ocrx_word' id='word_1_132' title='bbox 225 1669 508 1717; x_wconf 85' lang='lat' dir='ltr'>Perdiderat</span> <span class='ocrx_word' id='word_1_133' title='bbox 531 1686 541 1714; x_wconf 72' lang='grc' dir='ltr'>ε</span> <span class='ocrx_word' id='word_1_134' title='bbox 578 1678 683 1731; x_wconf 85' lang='lat' dir='ltr'>post</span> <span class='ocrx_word' id='word_1_135' title='bbox 708 1670 798 1716; x_wconf 88' lang='lat' dir='ltr'>hoc</span> <span class='ocrx_word' id='word_1_136' title='bbox 824 1670 1080 1715; x_wconf 83' lang='lat' dir='ltr'>vehemens</span> <span class='ocrx_word' id='word_1_137' title='bbox 1105 1669 1260 1731; x_wconf 88' lang='lat' dir='ltr'>lupus,</span> <span class='ocrx_word' id='word_1_138' title='bbox 1286 1679 1334 1717; x_wconf 85' lang='lat' dir='ltr'>et</span> <span class='ocrx_word' id='word_1_139' title='bbox 1358 1670 1447 1717; x_wconf 91' lang='lat' dir='ltr'>sibi</span> <span class='ocrx_word' id='word_1_140' title='bbox 1471 1679 1519 1717; x_wconf 87' lang='lat' dir='ltr'>et</span> <span class='ocrx_word' id='word_1_141' title='bbox 1543 1671 1665 1718; x_wconf 88' lang='lat' dir='ltr'>hosti</span> 
     </span>
    </p>

    <p class='ocr_par' dir='ltr' id='par_1_18' title="bbox 223 1752 1190 1815">
     <span class='ocr_line' id='line_1_20' title="bbox 223 1752 1190 1815; baseline -0.002 -15"><span class='ocrx_word' id='word_1_142' title='bbox 223 1752 380 1800; x_wconf 89' lang='lat' dir='ltr'>Iratus</span> <span class='ocrx_word' id='word_1_143' title='bbox 404 1753 595 1815; x_wconf 83' lang='lat' dir='ltr'>pariter,</span> <span class='ocrx_word' id='word_1_144' title='bbox 618 1753 794 1815; x_wconf 86' lang='lat' dir='ltr'>jejunis</span> <span class='ocrx_word' id='word_1_145' title='bbox 819 1753 1043 1799; x_wconf 84' lang='lat' dir='ltr'>dentibus</span> <span class='ocrx_word' id='word_1_146' title='bbox 1068 1769 1190 1810; x_wconf 85' lang='lat' dir='ltr'>acer,</span> 
     </span>
    </p>

    <p class='ocr_par' dir='ltr' id='par_1_19' title="bbox 224 1835 1769 1898">
     <span class='ocr_line' id='line_1_21' title="bbox 224 1835 1769 1898; baseline 0.001 -15"><span class='ocrx_word' id='word_1_147' title='bbox 224 1835 507 1884; x_wconf 69' lang='lat' dir='ltr'>Praesidium</span> <span class='ocrx_word' id='word_1_148' title='bbox 533 1837 692 1898; x_wconf 75' lang='lat' dir='ltr'>regale</span> <span class='ocrx_word' id='word_1_149' title='bbox 717 1836 822 1882; x_wconf 89' lang='lat' dir='ltr'>loco</span> <span class='ocrx_word' id='word_1_150' title='bbox 847 1836 1037 1898; x_wconf 84' lang='lat' dir='ltr'>dejecit,</span> <span class='ocrx_word' id='word_1_151' title='bbox 1066 1845 1116 1882; x_wconf 90' lang='lat' dir='ltr'>ut</span> <span class='ocrx_word' id='word_1_152' title='bbox 1142 1836 1288 1895; x_wconf 86' lang='lat' dir='ltr'>aiunt,</span> <span class='ocrx_word' id='word_1_153' title='bbox 1703 1838 1769 1884; x_wconf 81' lang='lat'>30</span> 
     </span>
    </p>

    <p class='ocr_par' dir='ltr' id='par_1_20' title="bbox 226 1919 1373 1978">
     <span class='ocr_line' id='line_1_22' title="bbox 226 1919 1373 1978; baseline 0.001 -11"><span class='ocrx_word' id='word_1_154' title='bbox 226 1920 422 1968; x_wconf 70' lang='lat' dir='ltr'>Summe</span> <span class='ocrx_word' id='word_1_155' title='bbox 449 1921 646 1978; x_wconf 86' lang='lat' dir='ltr'>munito,</span> <span class='ocrx_word' id='word_1_156' title='bbox 673 1928 720 1966; x_wconf 84' lang='lat' dir='ltr'>et</span> <span class='ocrx_word' id='word_1_157' title='bbox 744 1920 998 1966; x_wconf 86' lang='lat' dir='ltr'>multarum</span> <span class='ocrx_word' id='word_1_158' title='bbox 1020 1919 1163 1966; x_wconf 88' lang='lat' dir='ltr'>divite</span> <span class='ocrx_word' id='word_1_159' title='bbox 1199 1936 1373 1968; x_wconf 85' lang='lat' dir='ltr'>rerum.</span> 
     </span>
    </p>

    <p class='ocr_par' dir='ltr' id='par_1_21' title="bbox 225 2005 1423 2063">
     <span class='ocr_line' id='line_1_23' title="bbox 225 2005 1423 2063; baseline 0 -11"><span class='ocrx_word' id='word_1_160' title='bbox 225 2005 398 2053; x_wconf 88' lang='lat' dir='ltr'>Clarus</span> <span class='ocrx_word' id='word_1_161' title='bbox 421 2006 482 2052; x_wconf 91' lang='lat' dir='ltr'>ob</span> <span class='ocrx_word' id='word_1_162' title='bbox 507 2005 553 2051; x_wconf 93' lang='lat' dir='ltr'>id</span> <span class='ocrx_word' id='word_1_163' title='bbox 577 2005 771 2060; x_wconf 84' lang='lat' dir='ltr'>factum,</span> <span class='ocrx_word' id='word_1_164' title='bbox 799 2005 936 2051; x_wconf 88' lang='lat' dir='ltr'>donis</span> <span class='ocrx_word' id='word_1_165' title='bbox 960 2013 1155 2051; x_wconf 85' lang='lat' dir='ltr'>ornatur</span> <span class='ocrx_word' id='word_1_166' title='bbox 1181 2006 1391 2052; x_wconf 90' lang='lat' dir='ltr'>honestis</span> <span class='ocrx_word' id='word_1_167' title='bbox 1413 2023 1423 2063; x_wconf 83' lang='lat'>3</span> 
     </span>
    </p>

    <p class='ocr_par' dir='ltr' id='par_1_22' title="bbox 224 2089 1437 2151">
     <span class='ocr_line' id='line_1_24' title="bbox 224 2089 1437 2151; baseline -0.001 -15"><span class='ocrx_word' id='word_1_168' title='bbox 224 2089 424 2151; x_wconf 88' lang='lat' dir='ltr'>Accipit</span> <span class='ocrx_word' id='word_1_169' title='bbox 447 2097 494 2135; x_wconf 89' lang='lat' dir='ltr'>et</span> <span class='ocrx_word' id='word_1_170' title='bbox 518 2089 590 2134; x_wconf 93' lang='lat' dir='ltr'>bis</span> <span class='ocrx_word' id='word_1_171' title='bbox 615 2089 740 2135; x_wconf 90' lang='lat' dir='ltr'>dena</span> <span class='ocrx_word' id='word_1_172' title='bbox 764 2105 903 2151; x_wconf 91' lang='lat' dir='ltr'>super</span> <span class='ocrx_word' id='word_1_173' title='bbox 929 2089 1145 2135; x_wconf 83' lang='lat' dir='ltr'>sestertia</span> <span class='ocrx_word' id='word_1_174' title='bbox 1177 2090 1437 2136; x_wconf 65' lang='lat' dir='ltr'>nummum.</span> 
     </span>
    </p>

    <p class='ocr_par' dir='ltr' id='par_1_23' title="bbox 225 2172 1514 2236">
     <span class='ocr_line' id='line_1_25' title="bbox 225 2172 1514 2236; baseline 0 -15"><span class='ocrx_word' id='word_1_175' title='bbox 225 2173 369 2221; x_wconf 69' lang='lat' dir='ltr'>Forte</span> <span class='ocrx_word' id='word_1_176' title='bbox 396 2173 483 2218; x_wconf 90' lang='lat' dir='ltr'>sub</span> <span class='ocrx_word' id='word_1_177' title='bbox 508 2173 598 2218; x_wconf 91' lang='lat' dir='ltr'>hoc</span> <span class='ocrx_word' id='word_1_178' title='bbox 623 2181 810 2234; x_wconf 87' lang='lat' dir='ltr'>tempus</span> <span class='ocrx_word' id='word_1_179' title='bbox 835 2172 1083 2219; x_wconf 87' lang='lat' dir='ltr'>castellum</span> <span class='ocrx_word' id='word_1_180' title='bbox 1108 2182 1319 2219; x_wconf 87' lang='lat' dir='ltr'>evertere</span> <span class='ocrx_word' id='word_1_181' title='bbox 1343 2182 1514 2236; x_wconf 86' lang='lat' dir='ltr'>praetor</span> 
     </span>
    </p>

    <p class='ocr_par' dir='ltr' id='par_1_24' title="bbox 226 2256 1765 2318">
     <span class='ocr_line' id='line_1_26' title="bbox 226 2256 1765 2318; baseline 0.001 -14"><span class='ocrx_word' id='word_1_182' title='bbox 226 2256 409 2304; x_wconf 90' lang='lat' dir='ltr'>Nescio</span> <span class='ocrx_word' id='word_1_183' title='bbox 433 2257 556 2317; x_wconf 90' lang='lat' dir='ltr'>quod</span> <span class='ocrx_word' id='word_1_184' title='bbox 583 2256 799 2318; x_wconf 80' lang='lat' dir='ltr'>cupienS,</span> <span class='ocrx_word' id='word_1_185' title='bbox 826 2256 1001 2302; x_wconf 86' lang='lat' dir='ltr'>hortari</span> <span class='ocrx_word' id='word_1_186' title='bbox 1027 2256 1172 2318; x_wconf 82' lang='lat' dir='ltr'>coepit</span> <span class='ocrx_word' id='word_1_187' title='bbox 1195 2258 1401 2304; x_wconf 87' lang='lat' dir='ltr'>eundem</span> <span class='ocrx_word' id='word_1_188' title='bbox 1700 2260 1765 2306; x_wconf 86' lang='lat'>35</span> 
     </span>
    </p>

    <p class='ocr_par' dir='ltr' id='par_1_25' title="bbox 225 2341 1599 2403">
     <span class='ocr_line' id='line_1_27' title="bbox 225 2341 1599 2403; baseline -0.001 -15"><span class='ocrx_word' id='word_1_189' title='bbox 225 2341 400 2389; x_wconf 89' lang='lat' dir='ltr'>Verbis</span> <span class='ocrx_word' id='word_1_190' title='bbox 425 2357 527 2403; x_wconf 85' lang='lat' dir='ltr'>quae</span> <span class='ocrx_word' id='word_1_191' title='bbox 552 2341 718 2387; x_wconf 87' lang='lat' dir='ltr'>timido</span> <span class='ocrx_word' id='word_1_192' title='bbox 738 2356 922 2402; x_wconf 89' lang='lat' dir='ltr'>quoque</span> <span class='ocrx_word' id='word_1_193' title='bbox 947 2349 1139 2402; x_wconf 85' lang='lat' dir='ltr'>possent</span> <span class='ocrx_word' id='word_1_194' title='bbox 1163 2342 1337 2388; x_wconf 83' lang='lat' dir='ltr'>addere</span> <span class='ocrx_word' id='word_1_195' title='bbox 1362 2351 1599 2390; x_wconf 88' lang='lat' dir='ltr'>mentem:</span> 
     </span>
    </p>

    <p class='ocr_par' dir='ltr' id='par_1_26' title="bbox 228 2423 1529 2487">
     <span class='ocr_line' id='line_1_28' title="bbox 228 2423 1529 2487; baseline 0.002 -16"><span class='ocrx_word' id='word_1_196' title='bbox 228 2429 255 2451; x_wconf 88' lang='lat'><strong>“</strong></span> <span class='ocrx_word' id='word_1_197' title='bbox 273 2425 312 2483; x_wconf 89' lang='lat' dir='ltr'>I,</span> <span class='ocrx_word' id='word_1_198' title='bbox 339 2425 479 2480; x_wconf 90' lang='lat' dir='ltr'>bone,</span> <span class='ocrx_word' id='word_1_199' title='bbox 505 2423 596 2486; x_wconf 69' lang='lat' dir='ltr'>quo</span> <span class='ocrx_word' id='word_1_200' title='bbox 622 2425 767 2471; x_wconf 90' lang='lat' dir='ltr'>virtus</span> <span class='ocrx_word' id='word_1_201' title='bbox 792 2435 874 2471; x_wconf 89' lang='lat' dir='ltr'>tua</span> <span class='ocrx_word' id='word_1_202' title='bbox 898 2433 943 2470; x_wconf 90' lang='lat' dir='ltr'>te</span> <span class='ocrx_word' id='word_1_203' title='bbox 970 2433 1134 2481; x_wconf 80' lang='lat' dir='ltr'>vocat3</span> <span class='ocrx_word' id='word_1_204' title='bbox 1172 2426 1186 2471; x_wconf 92' lang='lat' dir='ltr'>i</span> <span class='ocrx_word' id='word_1_205' title='bbox 1210 2426 1331 2487; x_wconf 89' lang='lat' dir='ltr'>pede</span> <span class='ocrx_word' id='word_1_206' title='bbox 1358 2426 1529 2482; x_wconf 89' lang='lat' dir='ltr'>fausto,</span> 
     </span>
    </p>

    <p class='ocr_par' dir='ltr' id='par_1_27' title="bbox 227 2508 1548 2571">
     <span class='ocr_line' id='line_1_29' title="bbox 227 2508 1548 2571; baseline 0.001 -16"><span class='ocrx_word' id='word_1_207' title='bbox 227 2509 441 2556; x_wconf 85' lang='lat' dir='ltr'>Grandia</span> <span class='ocrx_word' id='word_1_208' title='bbox 463 2509 645 2555; x_wconf 89' lang='lat' dir='ltr'>laturus</span> <span class='ocrx_word' id='word_1_209' title='bbox 669 2509 943 2556; x_wconf 89' lang='lat' dir='ltr'>meritorum</span> <span class='ocrx_word' id='word_1_210' title='bbox 968 2508 1161 2571; x_wconf 87' lang='lat' dir='ltr'>praemia</span> <span class='ocrx_word' id='word_1_211' title='bbox 1182 2525 1192 2554; x_wconf 73' lang='grc' dir='ltr'><strong><em>ε</em></strong></span> <span class='ocrx_word' id='word_1_212' title='bbox 1229 2509 1341 2570; x_wconf 87' lang='lat' dir='ltr'>quid</span> <span class='ocrx_word' id='word_1_213' title='bbox 1366 2519 1460 2556; x_wconf 88' lang='lat' dir='ltr'>stas</span> <span class='ocrx_word' id='word_1_214' title='bbox 1479 2511 1497 2556; x_wconf 71' lang='lat' dir='ltr'>‘l</span> <span class='ocrx_word' id='word_1_215' title='bbox 1519 2512 1548 2532; x_wconf 76' lang='lat'>&#39;⁹</span> 
     </span>
    </p>

    <p class='ocr_par' dir='ltr' id='par_1_28' title="bbox 226 2591 1500 2654">
     <span class='ocr_line' id='line_1_30' title="bbox 226 2591 1500 2654; baseline 0.001 -15"><span class='ocrx_word' id='word_1_216' title='bbox 226 2591 339 2640; x_wconf 87' lang='lat' dir='ltr'>Post</span> <span class='ocrx_word' id='word_1_217' title='bbox 365 2594 467 2640; x_wconf 84' lang='lat' dir='ltr'>haec</span> <span class='ocrx_word' id='word_1_218' title='bbox 492 2593 569 2639; x_wconf 92' lang='lat' dir='ltr'>ille</span> <span class='ocrx_word' id='word_1_219' title='bbox 595 2601 742 2652; x_wconf 85' lang='lat' dir='ltr'>catus,</span> <span class='ocrx_word' id='word_1_220' title='bbox 769 2593 1070 2654; x_wconf 86' lang='lat' dir='ltr'>quantumvis</span> <span class='ocrx_word' id='word_1_221' title='bbox 1094 2593 1314 2651; x_wconf 87' lang='lat' dir='ltr'>rusticus,</span> <span class='ocrx_word' id='word_1_222' title='bbox 1342 2601 1371 2622; x_wconf 85' lang='lat'><strong>“</strong></span> <span class='ocrx_word' id='word_1_223' title='bbox 1390 2593 1500 2649; x_wconf 89' lang='lat' dir='ltr'>Ibit,</span> 
     </span>
    </p>

    <p class='ocr_par' dir='ltr' id='par_1_29' title="bbox 227 2674 1767 2823">
     <span class='ocr_line' id='line_1_31' title="bbox 227 2674 1767 2738; baseline 0.001 -16"><span class='ocrx_word' id='word_1_224' title='bbox 227 2674 324 2722; x_wconf 86' lang='lat' dir='ltr'>Ibit</span> <span class='ocrx_word' id='word_1_225' title='bbox 346 2674 402 2722; x_wconf 65' lang='lat' dir='ltr'>ed</span> <span class='ocrx_word' id='word_1_226' title='bbox 426 2675 518 2738; x_wconf 72' lang='lat' dir='ltr'>quo</span> <span class='ocrx_word' id='word_1_227' title='bbox 545 2677 626 2736; x_wconf 88' lang='lat' dir='ltr'>vis,</span> <span class='ocrx_word' id='word_1_228' title='bbox 653 2677 733 2738; x_wconf 90' lang='lat' dir='ltr'>qui</span> <span class='ocrx_word' id='word_1_229' title='bbox 760 2693 931 2723; x_wconf 89' lang='lat' dir='ltr'>zonam</span> <span class='ocrx_word' id='word_1_230' title='bbox 956 2677 1209 2738; x_wconf 82' lang='lat' dir='ltr'>perdidit,”</span> <span class='ocrx_word' id='word_1_231' title='bbox 1236 2676 1402 2738; x_wconf 90' lang='lat' dir='ltr'>inquit.</span> <span class='ocrx_word' id='word_1_232' title='bbox 1702 2678 1767 2724; x_wconf 83' lang='lat'>40</span> 
     </span>
     <span class='ocr_line' id='line_1_32' title="bbox 294 2759 1390 2823; baseline 0 -17"><span class='ocrx_word' id='word_1_233' title='bbox 294 2759 463 2806; x_wconf 84' lang='lat' dir='ltr'>Romae</span> <span class='ocrx_word' id='word_1_234' title='bbox 489 2761 658 2807; x_wconf 89' lang='lat' dir='ltr'>nutriri</span> <span class='ocrx_word' id='word_1_235' title='bbox 683 2760 799 2806; x_wconf 91' lang='lat' dir='ltr'>mihi</span> <span class='ocrx_word' id='word_1_236' title='bbox 825 2761 1039 2823; x_wconf 82' lang='lat' dir='ltr'>contigit,</span> <span class='ocrx_word' id='word_1_237' title='bbox 1066 2768 1204 2822; x_wconf 89' lang='lat' dir='ltr'>atque</span> <span class='ocrx_word' id='word_1_238' title='bbox 1230 2759 1390 2806; x_wconf 90' lang='lat' dir='ltr'>doceri</span> 
     </span>
    </p>

    <p class='ocr_par' dir='ltr' id='par_1_30' title="bbox 225 2841 1351 2907">
     <span class='ocr_line' id='line_1_33' title="bbox 225 2841 1351 2907; baseline 0.001 -19"><span class='ocrx_word' id='word_1_239' title='bbox 225 2841 382 2889; x_wconf 85' lang='lat' dir='ltr'>Iratus</span> <span class='ocrx_word' id='word_1_240' title='bbox 406 2843 562 2890; x_wconf 87' lang='lat' dir='ltr'>Graiis</span> <span class='ocrx_word' id='word_1_241' title='bbox 585 2844 815 2907; x_wconf 75' lang='lat' dir='ltr'>quantum</span> <span class='ocrx_word' id='word_1_242' title='bbox 840 2845 1082 2891; x_wconf 87' lang='lat' dir='ltr'>nocuisset</span> <span class='ocrx_word' id='word_1_243' title='bbox 1108 2843 1351 2890; x_wconf 89' lang='lat' dir='ltr'>Achilles:</span> 
     </span>
    </p>

    <p class='ocr_par' dir='ltr' id='par_1_31' title="bbox 227 2926 1318 2990">
     <span class='ocr_line' id='line_1_34' title="bbox 227 2926 1318 2990; baseline 0 -17"><span class='ocrx_word' id='word_1_244' title='bbox 227 2926 465 2989; x_wconf 63' lang='lat' dir='ltr'>Adjecere</span> <span class='ocrx_word' id='word_1_245' title='bbox 491 2927 625 2972; x_wconf 81' lang='lat' dir='ltr'>bonae</span> <span class='ocrx_word' id='word_1_246' title='bbox 649 2927 789 2989; x_wconf 68' lang='lat' dir='ltr'>paulo</span> <span class='ocrx_word' id='word_1_247' title='bbox 813 2928 918 2990; x_wconf 93' lang='lat' dir='ltr'>plus</span> <span class='ocrx_word' id='word_1_248' title='bbox 943 2928 1055 2974; x_wconf 88' lang='lat' dir='ltr'>artis</span> <span class='ocrx_word' id='word_1_249' title='bbox 1080 2927 1285 2973; x_wconf 86' lang='lat' dir='ltr'>Athenae</span> <span class='ocrx_word' id='word_1_250' title='bbox 1306 2943 1318 2985; x_wconf 85' lang='lat'>;</span> 
     </span>
    </p>

    <p class='ocr_par' dir='ltr' id='par_1_32' title="bbox 229 3010 1413 3074">
     <span class='ocr_line' id='line_1_35' title="bbox 229 3010 1413 3074; baseline 0 -16"><span class='ocrx_word' id='word_1_251' title='bbox 229 3010 425 3058; x_wconf 83' lang='lat' dir='ltr'>Scilicet</span> <span class='ocrx_word' id='word_1_252' title='bbox 449 3018 500 3058; x_wconf 88' lang='lat' dir='ltr'>ut</span> <span class='ocrx_word' id='word_1_253' title='bbox 523 3026 712 3073; x_wconf 87' lang='lat' dir='ltr'>possem</span> <span class='ocrx_word' id='word_1_254' title='bbox 737 3027 882 3059; x_wconf 87' lang='lat' dir='ltr'>curvo</span> <span class='ocrx_word' id='word_1_255' title='bbox 906 3011 1187 3074; x_wconf 81' lang='lat' dir='ltr'>dignoscere</span> <span class='ocrx_word' id='word_1_256' title='bbox 1212 3018 1413 3070; x_wconf 82' lang='lat' dir='ltr'>rectum,</span> 
     </span>
    </p>
   </div>
  </div>
 </body>
</html>
