1894 3188
199 125 266 175 64

732 125 782 172 Q.
812 124 1054 165 HORATII
1081 127 1288 167 FLACCI

462 249 558 298 Dic
581 259 630 298 et
653 260 833 315 argutae
857 261 1078 314 properet
1100 253 1149 301 N
1153 270 1288 301 eaerae

460 335 769 398 Myrrhinum
793 337 920 383 nodo
944 336 1170 385 cohibere
1195 339 1378 385 crinem
1400 356 1412 385 z

459 418 513 466 Si
535 435 620 482 per
643 419 850 468 invisum
875 437 1006 467 mora
1025 421 1285 484 janitorem

850 504 974 564 Fiet,
1002 505 1145 553 abito.

455 588 601 636 Lenit
624 589 875 636 albescens
900 590 1085 637 animos
1109 591 1310 654 capillus

454 671 636 720 Litium
661 681 710 720 et
733 673 847 720 rixae
872 673 1073 736 cupidos
1096 684 1355 737 protervaez

452 756 567 804 Non
591 773 681 821 ego
705 758 798 806 hoc
823 758 1010 818 ferrem,
1037 759 1222 806 calidus
1242 761 1453 823 juvente,

843 842 1055 890 Consule
1080 844 1278 892 Planco.

849 1178 991 1226 ODE
1026 1178 1118 1226 XI.

753 1329 820 1360 AD
857 1330 1209 1362 MAECENATEM.

439 1446 703 1494 INCLUsAM
726 1447 935 1495 Danaen
959 1449 1102 1496 turris
1128 1450 1328 1505 ahenea,

438 1532 766 1595 Robustssaeque
793 1533 931 1591 soreS,
958 1541 1006 1579 et
1029 1533 1225 1595 vigilum
1245 1549 1424 1603 canum

438 1615 628 1664 Tristes
652 1617 886 1673 excubiae,
912 1617 1187 1665 munierant
1210 1616 1326 1665 satis

701 1702 972 1750 Nocturnis
997 1703 1056 1749 ab
1082 1703 1310 1750 adulteris
1329 1721 1341 1762 ;

436 1786 490 1833 Si
515 1799 614 1832 non
639 1784 903 1844 Acrisium,
930 1783 1130 1848 virginis
1155 1788 1329 1835 abditae

436 1869 701 1918 Custodem
726 1853 967 1934 pavidum,
995 1870 1183 1947 Jupiter
1208 1881 1255 1919 et
1279 1873 1448 1920 Venus

434 1954 713 2003 Risissent:
752 1955 851 2002 fore
875 1955 1006 2002 enim
1028 1950 1185 2004 tutum
1209 1957 1299 2004 iter
1323 1966 1372 2004 et
1394 1965 1563 2020 patens

701 2039 984 2087 Converso
972 2057 1023 2087 ln
1046 2041 1253 2103 pretium
1279 2041 1383 2089 deo.

432 2126 621 2172 Aurum
646 2140 731 2188 per
755 2125 940 2172 medios
964 2125 1033 2172 ire
1058 2126 1301 2181 satellites,

432 2209 496 2256 Et
519 2226 829 2272 perrumpere
855 2218 1137 2266 amatsaxa,
1162 2210 1409 2274 potentius

431 2294 542 2341 Ictu
566 2294 811 2342 fulmineo.
885 2294 1113 2341 Concidit
1137 2294 1331 2357 auguris

700 2379 868 2442 Argivi
893 2379 1076 2438 domUS,
1097 2379 1158 2426 ob
1180 2379 1369 2426 lucrum

431 2463 666 2511 Demersa
691 2464 896 2512 excidio.
967 2464 1155 2510 Diffidit
1180 2464 1369 2511 urbium

429 2548 598 2596 Portas
621 2532 690 2595 vir
715 2548 939 2607 Macedo,
966 2557 1014 2595 et
1037 2549 1223 2595 subruit
1246 2549 1440 2595 aemulos

430 2633 597 2696 Reges
621 2632 918 2680 muneribus.
988 2632 1202 2679 Munera
1225 2632 1420 2678 navium

697 2717 858 2763 Saevos
882 2715 1141 2778 illaqueant
1165 2716 1326 2762 duces.

431 2801 744 2849 Crescentem
771 2800 983 2862 sequitur
1008 2816 1127 2847 cura
1149 2800 1421 2862 pecuniam,

431 2884 768 2948 Majorumque
794 2884 958 2931 fames.
1029 2883 1146 2930 Jure
1169 2883 1417 2945 perhorrui

430 2969 550 3019 Late
575 2969 891 3031 conspicuum
916 2967 1080 3016 tollere
1104 2967 1348 3025 verticem,

693 3053 953 3111 Maecenas,
980 3052 1192 3114 equitum
1211 3052 1377 3102 decus.

1722 2212 1782 2257 10

1718 2634 1777 2680 15

1708 3050 1773 3098 20
