1894 3188
207 129 309 179 184
741 124 790 171 Q.
820 122 1061 162 HORATII
1089 122 1296 162 FLACCI

265 252 492 301 Convivae
515 251 630 300 lecti
654 249 857 298 nihilum
882 248 1094 298 nocuere
1118 250 1319 314 lagenis.

263 337 479 384 Affertur
504 336 697 399 squillas
723 336 847 383 inter
871 351 1085 382 muraena
1109 344 1331 383 natantes

262 421 324 469 In
367 421 531 485 patina
571 429 806 485 porrecta.
878 420 981 468 Sub
1023 421 1118 468 hoc
1156 422 1317 477 herus,
1366 425 1393 446 “
1410 419 1535 469 Haec
1569 419 1811 485 gravida,’'

394 506 564 569 inquit,

261 591 457 655 “Capta
480 601 568 648 est,
595 593 801 639 deterior
824 600 931 654 post
953 600 1140 654 partum
1166 607 1311 639 carne
1338 593 1512 640 futura.

260 675 354 722 His
379 676 579 722 mixtum
600 677 678 739 jus
704 685 776 723 est
798 677 905 723 oleo
928 677 1053 738 quod
1078 675 1231 739 prima
1255 675 1456 722 Venafri
1746 674 1811 722 45

259 759 441 807 Pressit
465 761 614 819 cella;
653 778 768 824 garo
792 762 851 808 de
878 761 1037 807 succis
1061 761 1207 823 piscis
1233 760 1362 807 Iberi
1383 776 1396 817 3

256 845 386 893 Vino
410 846 726 908 quinquenni,
753 845 918 892 verum
944 846 1065 892 citra
1089 862 1218 892 mare
1244 854 1372 901 nato,

255 929 387 978 Dum
412 931 647 993 coquitur,
675 940 815 978 cocto
841 931 1019 977 Chium
1045 930 1114 976 sic
1140 930 1366 977 convenit
1389 937 1442 976 ut
1461 945 1558 977 non

256 1014 367 1062 Hoc
393 1013 547 1078 magis
572 1016 723 1062 ullum
749 1016 877 1061 aliud
899 1032 910 1072 3
947 1015 1111 1077 pipere
1138 1015 1260 1070 albo,
1287 1031 1383 1061 non
1410 1014 1514 1061 sine
1538 1022 1677 1062 aceto

253 1099 403 1150 Quod
429 1099 806 1162 Methymnaeam
832 1099 946 1146 vitio
970 1099 1224 1146 mutaverit
1248 1115 1407 1146 uvam.
1741 1098 1809 1144 50

253 1182 441 1231 Erucas
466 1185 655 1244 virides,
682 1185 839 1231 inulas
864 1201 954 1247 ego
979 1184 1161 1246 primus
1187 1200 1372 1230 amaras

253 1268 520 1316 Monstravi
544 1269 802 1331 incoquere
823 1286 834 1326 3
873 1269 1033 1316 illutos
1058 1269 1290 1316 Curtillus
1325 1268 1541 1327 echInos,

249 1352 316 1401 Ut
338 1353 522 1413 melius,
549 1354 702 1401 muria
727 1370 869 1416 quam
895 1362 1017 1400 testa
1041 1353 1226 1400 marina
1260 1352 1510 1400 remittit.'’

249 1437 444 1485 Interea
468 1455 699 1501 suspensa
723 1455 891 1502 graves
916 1439 1068 1485 aulaea
1091 1438 1255 1485 ruinas

249 1521 311 1569 In
335 1522 548 1584 patinam
575 1523 747 1581 secere,
775 1523 1015 1570 trahentia
1038 1522 1247 1584 pulveris
1272 1521 1361 1568 atri
1739 1521 1805 1566 55

250 1605 506 1657 Quantum
531 1623 628 1653 non
655 1607 834 1668 Aquilo
859 1606 1122 1668 Campanis
1147 1605 1326 1652 excitat
1350 1604 1492 1667 agris.

248 1690 354 1738 Nos
378 1691 532 1753 majus
556 1691 710 1744 veriti,
736 1698 987 1750 postquam
1013 1690 1131 1733 nihil
1158 1703 1262 1734 esse
1287 1689 1456 1748 pericli

181 1813 184 1816 ,
248 1764 787 1835 Sensimusqerigimur.
859 1770 1022 1818 Rufus
1046 1771 1200 1832 posito
1226 1770 1398 1832 capite,
1421 1778 1473 1817 ut
1496 1771 1537 1818 si

247 1859 403 1906 Filius
427 1858 710 1905 immaturus
735 1855 929 1910 obisset,
957 1854 1086 1901 fiere.
1156 1854 1286 1904 Quis
1311 1863 1438 1902 esset

247 1943 400 1999 Finis,
425 1943 476 1989 ni
503 1942 693 2004 sapiens
718 1940 788 1987 sic
813 1939 1153 1986 Nomentanus
1178 1940 1387 1986 amicum
1733 1940 1800 1987 60

246 2027 464 2075 Tolleret
485 2028 502 2072 Ἰ
542 2035 572 2055 “
592 2026 704 2072 Heu
730 2025 946 2072 Fortuna
967 2025 976 2070 l
1015 2023 1120 2085 quis
1144 2032 1217 2070 est
1241 2024 1480 2072 crudelior
1504 2024 1554 2072 in
1578 2040 1667 2072 nos

244 2112 322 2160 Te
343 2113 499 2158 deus?
535 2119 588 2157 ut
612 2126 800 2172 semper
824 2109 1006 2172 gaudes
1031 2109 1230 2155 illudere
1255 2109 1399 2156 rebus

246 2196 493 2245 Humanis
516 2194 524 2242 ἱ
545 2196 574 2217 ”
611 2195 788 2242 Varius
813 2194 984 2256 mappa
1008 2209 1314 2255 compescere
1340 2194 1488 2240 risum

244 2282 342 2330 Vix
365 2288 565 2344 poterat.
635 2279 845 2334 Balatro,
872 2278 1172 2340 suspendens
1196 2277 1359 2325 omnia
1392 2294 1528 2337 naso,

250 2371 276 2392 “
298 2365 422 2413 Haec
447 2374 519 2412 est
543 2364 757 2427 conditio
781 2362 1019 2421 vivendi,’'
1048 2362 1208 2408 aiebat
1229 2378 1241 2419 3
1281 2369 1311 2390 “
1333 2359 1485 2423 eoque
1729 2362 1794 2408 65

245 2450 562 2514 Responsura
584 2457 668 2496 tuo
692 2464 937 2509 nunquam
963 2455 1035 2493 est
1057 2463 1141 2508 par
1162 2446 1290 2493 fama
1313 2445 1480 2493 labori.

245 2534 405 2590 Tene,
432 2542 484 2580 ut
507 2549 598 2596 ego
624 2532 834 2594 accipiar
859 2530 1002 2590 laute,
1029 2530 1293 2592 torquerier
1314 2529 1447 2576 omni

246 2617 582 2666 Sollicitudine
607 2616 914 2664 districtum?
952 2632 1013 2663 ne
1037 2615 1176 2678 panis
1200 2615 1412 2673 adustus,

246 2702 325 2750 Ne
350 2702 475 2749 male
502 2702 749 2749 conditum
771 2701 849 2764 jus
875 2701 1173 2764 apponatur&
1211 2707 1264 2746 ut
1294 2714 1462 2746 omnes

245 2787 501 2835 Praecincti
525 2787 654 2834 recte
679 2787 814 2850 pueri
840 2786 1111 2848 comptique
1136 2784 1448 2831 ministrent?
1730 2783 1794 2830 70

245 2871 389 2918 Adde
414 2871 500 2917 hos
522 2880 754 2933 praeterea
777 2887 918 2918 casus
939 2887 949 2916 :
987 2870 1139 2917 aulaea
1172 2876 1313 2915 ruant
1337 2867 1393 2923 si,

246 2954 312 3002 Ut
334 2952 475 3001 modo
497 2971 507 3012 ;
546 2955 584 3001 si
609 2955 820 3017 patinam
845 2955 967 3017 pede
991 2954 1152 3016 lapsus
1177 2953 1364 3015 frangat
1387 2965 1546 3015 agaso.

248 3038 346 3086 Sed
365 3037 696 3098 convivatoriS‚
722 3037 792 3086 uti
818 3038 970 3098 ducis,
996 3037 1246 3101 ingenium
1270 3052 1346 3084 res
