1894 3188
426 526 510 602 Q.
582 528 998 594 HoRATn
1062 535 1418 601 FLACCI

643 736 1168 796 CARMINUM

682 931 854 973 LIBER
881 935 1139 978 TERTIUS.

795 1264 934 1313 ODE
971 1267 1010 1315 I.

369 1391 469 1438 OD1
494 1393 948 1462 profanumvulgus,
975 1409 1022 1447 et
1045 1418 1198 1451 arceo.

367 1474 542 1524 Favete
565 1478 742 1541 linguis
763 1497 773 1527 ι
811 1484 1023 1532 carmina
1046 1502 1139 1534 non
1165 1487 1296 1550 prius

427 1559 608 1608 Audita
632 1562 880 1613 Musarum
906 1570 1127 1617 sacerdos

489 1644 770 1708 Virginibus
794 1651 1046 1719 puerisque
1080 1663 1236 1702 canto.

360 1726 554 1790 Regum
578 1730 900 1782 timendorum
926 1736 973 1783 in
999 1739 1211 1801 proprios
1245 1756 1431 1806 greges,

359 1810 522 1874 Reges
545 1813 594 1860 in
620 1814 745 1877 ipsos
769 1817 1020 1881 imperium
1053 1831 1125 1870 est
1150 1823 1298 1881 Jovis,
1324 1827 1329 1830 ’

420 1895 550 1943 Clari
582 1898 818 1962 Giganteo
844 1903 1098 1967 triumpho,

484 1980 673 2029 Cuncta
697 1987 948 2047 supercilio
984 1990 1230 2052 moventis·

354 2062 441 2109 Est
463 2072 515 2110 ut
539 2065 636 2112 viro
660 2068 727 2114 vir
750 2069 892 2116 latius
916 2072 1105 2119 ordinet

354 2146 563 2194 Arbusta
586 2150 730 2197 sulcis
751 2167 763 2208 3
801 2153 879 2200 hie
903 2156 1177 2216 generosior

415 2229 688 2280 Descendat
711 2235 760 2281 in
786 2236 1020 2300 Campum
1044 2241 1216 2302 petitor
1237 2260 1247 2300 ;

478 2313 693 2364 Moribus
718 2319 796 2366 hic
821 2321 1076 2384 meliorque
1103 2326 1226 2373 fam&

348 2396 618 2448 Contendat
638 2418 651 2460 3
688 2402 754 2449 illi
778 2405 915 2451 turba
939 2407 1187 2456 clientium

346 2481 418 2528 Sit
442 2484 615 2546 major:
652 2489 783 2548 aequei
806 2489 912 2552 lege
937 2491 1218 2540 Necessitas

410 2566 614 2615 Sortitur
638 2569 851 2634 insignes
875 2583 922 2620 et
945 2575 1064 2622 imos
1086 2593 1098 2633 3

474 2651 632 2700 Omne
657 2670 807 2717 capax
831 2667 986 2705 movet
1010 2676 1130 2707 urna
1153 2678 1343 2710 nornen.

342 2733 599 2783 Districtus
622 2739 749 2786 ensis
773 2741 852 2787 eui
877 2758 1016 2804 super
1040 2744 1185 2807 impie

341 2817 541 2866 Cervice
564 2822 753 2883 pendet,
779 2840 874 2870 non
900 2826 1074 2873 Sioulae
1099 2829 1243 2891 dapes

403 2900 606 2950 Dulcem
630 2905 942 2955 elaborabunt
966 2925 1212 2972 saporem3

467 2985 580 3034 Non
605 2989 761 3036 avium
787 2990 1072 3055 citharaeque
1097 3005 1266 3045 cantus

1662 1746 1693 1791 ΕΠ

1626 2164 1685 2210 10

1618 2584 1677 2630 15
