1894 3188
159 117 227 167 96

692 113 746 159 Q.
775 111 1016 152 HORATII
1045 112 1252 152 FLACCI

422 238 561 291 Quid
585 238 741 287 Marte
765 254 930 301 posses
951 239 969 285 'l
1006 238 1167 286 Milite
1191 255 1306 287 nam
1329 247 1413 288 tuo

422 323 610 372 Drusus
633 324 914 379 Genauam,
935 322 1246 386 implacidum
1269 340 1449 388 genUS,

489 407 800 470 Breunosque
825 407 1029 467 veloces,
1055 415 1104 455 et
1128 424 1264 455 arces

554 492 759 555 Alpibus
784 492 1028 555 impositas
1051 492 1328 553 tremendiS,

424 576 616 640 Dejecit
641 592 751 624 acer
774 575 883 639 plus
908 577 1013 624 vice
1038 576 1259 640 simplici.

424 660 581 725 Major
604 661 857 708 Neronum
882 677 993 709 mox
1016 677 1162 725 grave
1185 661 1407 724 proelium

488 745 754 805 Commisit,
784 745 1112 808 immanesque
1137 745 1339 793 Rhaetos

554 829 802 893 Auspiciis
826 831 1010 893 pepulit
1034 830 1289 878 secundis:

423 913 743 977 Spectandus,
770 914 821 961 in
846 915 1109 962 certamine
1136 913 1327 974 Martio,

425 996 610 1046 Devota
634 998 773 1045 morti
796 1006 993 1061 pectora
1016 999 1178 1045 liberae

487 1081 702 1133 Quantis
727 1082 949 1146 fatigaret
973 1083 1139 1142 ruiniS,

554 1166 820 1214 Indomitas
844 1165 991 1229 prope
1017 1167 1170 1229 qualis
1194 1168 1352 1215 undas

424 1250 633 1299 Exercet
657 1251 852 1308 Auster,
878 1251 1130 1299 Pleiadum
1153 1253 1301 1300 choro

424 1334 689 1382 Scindente
715 1336 884 1392 nubes,
911 1336 1112 1399 impiger
1138 1337 1346 1384 hostium

489 1419 683 1467 Vexare
707 1428 904 1476 turmaS‚
931 1429 979 1467 et
1003 1421 1285 1468 frementem

554 1502 749 1562 Mittere
774 1521 949 1566 equum
973 1505 1156 1551 medios
1180 1520 1262 1567 per
1287 1503 1438 1568 ignes.

427 1587 511 1636 Sic
534 1587 824 1636 tauriformis
850 1588 1050 1636 volvitur
1084 1588 1305 1648 Aufidus,

425 1671 529 1724 Qui
554 1688 703 1735 regna
726 1672 888 1719 Dauni
911 1672 1114 1734 praefluit
1139 1672 1336 1735 Appuli,

489 1755 658 1807 Quum
684 1756 829 1816 saevit,
856 1757 1237 1818 horrendamque
1262 1756 1403 1804 cultis

555 1840 797 1888 Diluviem
821 1841 1078 1888 meditatur
1103 1841 1228 1904 agris
1249 1857 1262 1898 ς

424 1923 490 1973 Ut
512 1925 820 1972 barbarorum
845 1925 1077 1972 Claudius
1102 1925 1294 1988 agmina

427 2009 626 2057 Ferrata
648 2018 782 2057 vasto
806 2009 952 2056 diruit
979 2009 1173 2072 impetu,

489 2093 765 2156 Primosque
791 2102 839 2140 et
861 2102 1099 2141 extremos
1130 2093 1368 2153 metendo,

556 2178 734 2226 Stravit
758 2179 970 2237 humum,
997 2178 1100 2225 sine
1125 2178 1261 2225 clade
1284 2178 1450 2234 victor,

425 2262 502 2310 Te
526 2263 702 2325 copias,
729 2271 775 2309 te
800 2262 1071 2319 consilium,
1097 2271 1144 2309 et
1166 2271 1272 2310 tuos

425 2346 675 2394 Praebente
700 2346 832 2393 divos
854 2362 864 2392 :
901 2362 1028 2405 nam,
1055 2345 1141 2393 tibi
1164 2362 1256 2408 quo
1281 2346 1358 2393 die

489 2430 660 2478 Portus
685 2430 994 2477 Alexandrea
1018 2430 1219 2493 supplex

552 2514 618 2561 Et
640 2531 840 2562 vacuam
863 2514 1090 2576 patefecit
1114 2514 1288 2573 aulam,

424 2597 637 2646 Fortuna
661 2598 809 2645 lustro
832 2614 1056 2660 prospera
1080 2597 1221 2644 tertio

425 2682 546 2731 Belli
572 2683 810 2730 secundos
834 2682 1043 2729 reddidit
1065 2681 1235 2740 exitUS,

491 2766 800 2829 Laudemque
825 2777 872 2813 et
894 2775 1108 2829 optatum
1131 2765 1338 2828 peractis

556 2850 777 2913 Imperiis
802 2851 952 2898 decus
976 2850 1225 2913 arrogavit.

426 2935 504 2984 Te
529 2934 769 2982 Cantaber
794 2951 891 2983 non
916 2933 1027 2982 ante
1052 2933 1318 2991 domabilis,

426 3018 708 3082 Medusque,
734 3028 782 3067 et
806 3019 974 3077 Indus,
999 3027 1046 3067 te
1069 3019 1298 3083 profugus
1322 3018 1526 3082 Scythes

1709 327 1769 373 10

1707 745 1768 793 15

1700 1167 1766 1216 20

1700 1589 1765 1636 25

1701 2010 1765 2057 30

1699 2430 1764 2477 35

1700 2850 1764 2898 40
