1894 3188
644 65 981 132 SATIRARUM'
1009 91 1117 130 LIB.
1146 90 1202 129 11.
1630 89 1725 138 159

803 228 1056 256 HORATIUS.

1172 286 1298 335 Novi
1320 304 1330 332 :

187 375 251 422 Et
273 374 425 423 morbi
449 374 592 422 miror
615 360 871 437 purgatum
895 382 941 420 te
966 373 1109 420 illius.
1175 432 1182 440 .

776 489 1090 516 DAMASIPPUS.

1215 547 1366 610 Atqui

190 632 380 680 Emovit
403 641 612 680 veterem
636 631 757 679 mire
784 649 950 688 novus,
977 641 1030 680 ut
1053 631 1188 688 solet,
1214 631 1264 679 in
1289 648 1371 679 cor

189 716 421 780 Trajecto
443 717 605 764 lateris
630 717 790 764 miseri
815 717 1079 780 capitisque
1104 716 1294 763 dolore:

188 800 252 848 Ut
274 801 567 865 lethargicus
591 802 686 861 hic,
713 818 859 864 quum
884 801 936 848 fit
958 801 1107 864 pugil,
1133 809 1181 848 et
1205 800 1447 847 medicum
1471 807 1624 863 urget.
1672 799 1736 846 30

800 914 1055 941 HORATIUS.

189 990 318 1038 Dum
343 1007 404 1038 ne
429 991 543 1053 quid
566 991 721 1039 simile
746 991 877 1047 huic,
903 1000 1006 1038 esto
1031 1000 1083 1038 ut
1107 991 1236 1038 libet.

777 1104 1090 1133 DAMASIPPUS.

1335 1146 1383 1194 O
1407 1146 1547 1206 bone,
1574 1161 1636 1193 ne
1660 1155 1706 1193 te

188 1230 469 1289 Frustrere3
507 1232 690 1279 insanis
714 1240 761 1279 et
785 1240 851 1291 tn,
878 1231 1103 1294 stultique
1127 1230 1275 1294 prope
1307 1247 1492 1287 omnes,

187 1314 241 1361 Si
266 1315 378 1376 quid
404 1316 663 1363 Stertinius
688 1316 788 1363 veri
813 1325 979 1379 crepat
999 1333 1010 1374 ;
1048 1316 1177 1363 unde
1203 1332 1293 1379 ego
1319 1315 1440 1362 mira

186 1397 435 1462 Descripsi
459 1400 628 1448 docilis
652 1409 894 1463 praecepta
918 1401 1036 1460 haec,
1063 1409 1277 1463 tempore
1301 1417 1395 1462 quo
1419 1415 1496 1447 me

186 1482 378 1530 Solatus
396 1483 538 1547 jussit
563 1485 830 1547 sapientem
853 1501 1052 1548 pascere
1078 1485 1316 1545 barbams
1674 1485 1740 1531 35

185 1567 347 1630 Atque
371 1572 398 1615 e
423 1568 648 1616 Fabricio
673 1585 770 1616 non
795 1569 979 1616 tristem
1002 1578 1149 1632 ponte
1173 1569 1363 1617 reverti.

184 1650 315 1699 Nam
339 1651 464 1700 male
490 1669 541 1700 re
565 1655 701 1717 gesta
725 1670 871 1716 quum
895 1654 1068 1702 vellem
1093 1654 1282 1702 mittere
1307 1662 1472 1717 operto

186 1734 270 1783 Me
295 1737 452 1800 capite
477 1737 527 1784 in
552 1737 749 1794 fiumen,
776 1739 943 1786 dexter
969 1739 1125 1786 stetit:
1164 1747 1228 1795 et,
1257 1738 1432 1786 “Cave
1459 1738 1580 1786 faxis

184 1819 263 1867 Te
282 1821 542 1883 quidquam
558 1822 843 1885 indignum3
868 1823 1071 1885 pudor‚'’
1097 1823 1268 1885 inquit,
1293 1830 1322 1852 “
1342 1832 1388 1870 te
1410 1823 1562 1870 malus
1584 1832 1736 1886 urget,

186 1903 389 1952 Insanos
413 1906 494 1974 qui
519 1906 643 1953 inter
667 1922 864 1954 vereare
889 1907 1088 1954 insanus
1113 1907 1293 1954 haberi.
1673 1908 1739 1954 40

185 1987 397 2035 Primum
422 1975 534 2035 nam
559 1987 797 2051 inquiram
821 1991 935 2052 quid
958 1991 1022 2037 sit
1046 1991 1204 2037 furere
1226 2008 1236 2038 ε
1275 1992 1367 2038 hoc
1391 1991 1431 2038 si
1454 1991 1547 2039 erit
1570 1992 1620 2039 in
1645 2001 1692 2039 te

184 2071 315 2130 Solo,
341 2071 409 2118 nil
434 2071 581 2131 verbi,
620 2089 787 2134 pereas
821 2073 936 2135 quin
962 2074 1158 2134 fortiter,
1182 2075 1371 2122 addam.

182 2155 349 2206 Quem
373 2155 502 2202 mala
524 2156 724 2204 stultitia
747 2165 795 2204 et
819 2174 1154 2220 quemcunque
1179 2159 1373 2207 inscitia
1395 2161 1494 2208 veri

185 2239 385 2287 Caecum
410 2241 524 2303 agit,
551 2240 776 2288 insanum
803 2242 1059 2305 Chrysippi
1083 2243 1294 2306 porticus
1318 2253 1366 2292 et
1389 2261 1506 2308 grex

96 2370 104 2380 ,
185 2325 437 2372 Autumat.
508 2324 630 2371 Haec
654 2325 866 2388 populos,
895 2326 999 2373 haec
1023 2343 1222 2390 magnos
1248 2328 1448 2377 formula
1473 2346 1626 2394 regeS‚
1667 2333 1734 2380 45

184 2408 401 2471 Excepto
425 2408 655 2471 sapiente,
682 2417 829 2455 tenet.
899 2409 1049 2457 Nunc
1069 2411 1235 2474 accipe
1255 2429 1401 2475 quare

183 2493 437 2555 Desipiant
460 2509 627 2540 omnes
652 2492 786 2555 aeque
813 2510 870 2540 ac
897 2502 960 2553 tu,
986 2495 1066 2557 qui
1092 2496 1177 2543 tibi
1202 2513 1378 2545 nomen

120 2624 122 2627 ,
184 2576 363 2623 Insano
387 2578 603 2640 posuere.
675 2577 822 2624 Velut
846 2578 991 2635 silvis,
1018 2578 1100 2626 ubi
1124 2581 1302 2643 passim

184 2660 406 2708 Palantes
430 2677 558 2708 error
583 2670 714 2708 certo
739 2662 797 2708 de
823 2661 1010 2710 tramite
1035 2664 1184 2726 pellit,

183 2744 272 2791 Ille
297 2745 636 2804 sinistrorsum,
665 2746 743 2792 hic
769 2746 1066 2797 dextrorsum
1092 2749 1222 2807 abit3
1259 2766 1385 2798 unus
1409 2753 1597 2816 utrique
1664 2755 1729 2802 50

183 2827 344 2883 Error,
370 2829 454 2875 sed
481 2829 620 2876 variis
644 2830 799 2877 illudit
822 2831 1038 2893 partibus
1059 2849 1070 2879 ε
1108 2834 1199 2881 hoc
1219 2842 1266 2882 te

181 2910 341 2958 Crede
365 2913 505 2959 modo
529 2913 771 2969 insanum,
798 2914 948 2962 nihilo
973 2924 1026 2963 ut
1049 2917 1309 2980 sapientior
1333 2919 1413 2968 ille

178 2993 285 3045 Qui
305 3003 355 3042 te
380 2995 566 3045 deridet
587 2998 794 3044 caudam
819 2999 991 3046 trahat.
1061 3001 1150 3049 Est
1172 3018 1328 3065 genus
1351 3020 1502 3053 unum
