1894 3188
199 137 298 186 108

720 134 772 180 Q.
802 133 1042 173 HORATII
1080 133 1224 174 FLAC
1231 134 1287 174 CI

852 326 993 374 ODE-
1029 326 1146 375 VII.

679 476 746 508 AD
781 477 1016 509 POPULUM
1051 476 1321 510 ROMANUM.

454 593 589 655 Quo,
614 593 708 658 quo
734 595 924 642 scelesti
949 595 1124 643 ruitis?
1160 604 1242 643 aut
1266 611 1352 644 cur
1376 596 1585 645 dexteris

718 680 960 742 Aptantur
984 696 1124 727 enses
1149 680 1369 727 conditi?

455 763 695 812 Parumne
719 767 902 828 campis
927 773 1066 827 atque
1092 764 1323 827 Neptuno
1347 779 1488 827 super

718 849 903 896 Fusum
929 859 1001 896 est
1025 849 1190 896 Latini
1215 848 1500 911 sanguinis?

454 931 568 980 Non
593 940 647 980 ut
670 934 901 995 superbas
926 933 1099 980 invidae
1129 931 1440 996 Carthaginis

716 1017 971 1065 Romanus
995 1033 1130 1064 arces
1164 1026 1338 1077 ureret,

458 1100 678 1149 Intactus
703 1111 783 1148 aut
808 1102 1069 1149 Britannus
1092 1111 1144 1149 ut
1168 1102 1488 1149 descenderet

718 1187 865 1233 Sacra
891 1195 1140 1233 catenatus
1164 1186 1241 1233 via
1261 1204 1272 1244 ;

453 1270 550 1318 Sed
575 1279 643 1327 ut,
668 1271 936 1317 secundum
962 1279 1070 1318 vota
1093 1271 1397 1327 Parthorum,
1422 1271 1508 1317 sua

713 1354 838 1402 Urbs
863 1356 966 1401 haec
990 1354 1166 1418 periret
1190 1355 1402 1401 dextera.

449 1437 622 1500 Neque
647 1438 726 1486 hic
751 1440 874 1502 lupis
899 1456 1017 1495 mos,
1043 1455 1136 1486 nec
1165 1439 1252 1486 fuit
1275 1438 1509 1495 leonibus,

659 1555 683 1563 «
711 1523 973 1585 Nunquam
999 1523 1091 1570 nisi
1117 1523 1166 1569 in
1191 1523 1349 1586 dispar
1375 1523 1501 1570 feris.

449 1606 666 1656 Furorne
691 1624 866 1663 caecus,
894 1624 954 1654 an
979 1607 1102 1670 rapit
1125 1607 1195 1653 vis
1216 1607 1402 1655 acrior?

712 1692 793 1738 An
819 1691 995 1753 culpa?
1033 1707 1315 1753 responsum
1340 1690 1464 1738 date.

446 1775 641 1824 Tacent
662 1793 674 1835 3
710 1784 757 1823 et
781 1791 864 1822 ora
887 1775 1035 1837 pallor
1069 1775 1204 1821 albus
1228 1774 1397 1831 inficit,

713 1859 1002 1921 Montesque
1027 1859 1259 1921 perculsae
1284 1868 1491 1922 stupent.

446 1944 530 1993 Sic
553 1952 626 1992 est
647 1961 658 1991 :
695 1945 870 1991 acerba
895 1944 992 1990 fata
1017 1944 1267 1991 Romanos
1299 1952 1462 2007 agunt,

710 2029 974 2091 Scelusque
1001 2029 1222 2076 fraternae
1247 2029 1399 2085 necis,

446 2113 511 2162 Ut
533 2112 829 2161 immerentis
854 2113 990 2160 fluxit
1015 2112 1064 2159 in
1089 2121 1267 2160 terram
1299 2112 1447 2161 Remi

708 2199 856 2245 Sacer
881 2198 1135 2262 nepotibus
1160 2214 1314 2246 cruor.

825 2520 965 2567 ODE
1001 2520 1147 2567 VIII.

755 2668 822 2698 AD
859 2668 1209 2700 MAECENATEM.

439 2787 665 2839 QUANDO
689 2785 935 2849 repostum
961 2785 1227 2833 Caecubum
1252 2786 1311 2832 ad
1336 2785 1480 2834 festas
1503 2786 1667 2850 dapes,

700 2870 898 2918 Victore
924 2871 1061 2917 laetus
1087 2870 1296 2926 Caesare,

438 2956 630 3004 Tecum
656 2954 745 3002 sub
769 2955 880 3010 alta,
908 2955 978 3001 sic
1003 2954 1109 3001 Jovi
1134 2963 1342 3017 gratum,
1367 2953 1524 3013 domo,

528 3029 541 3045 ’
701 3038 854 3086 Beate
878 3039 1142 3098 Maecenas,
1179 3038 1356 3094 bibam,

1737 1354 1797 1400 10

1732 1775 1792 1823 15

1726 2195 1790 2242 20
