1894 3188
111 111 216 159 242
646 103 696 150 Q
726 102 969 143 HORATII
1006 103 1214 145 FLACCI

89 189 194 290 χ’
164 216 357 293 AEtatis
381 229 616 294 cujusque
641 230 842 278 notandi
867 239 979 278 sunt
1003 230 1091 278 tibi
1115 247 1284 291 mores,

114 291 170 323 μ
136 307 540 377 Mobilibusque
564 315 709 362 decor
735 314 922 361 naturis
947 316 1139 363 dandus
1163 325 1212 364 et
1236 316 1390 364 annis.
1421 322 1458 368 gt

114 386 117 388 ‚
175 399 407 464 Reddere
431 399 512 461 qui
536 415 678 446 voces
698 398 799 461 jam
825 398 916 445 scit
938 414 1074 461 puer,
1100 400 1294 470 estipede
1321 366 1454 447 oer'io

176 483 352 546 Signat
374 483 592 538 humum,
619 482 765 545 gestit
787 482 985 545 paribus
1010 466 1272 540 colluti-eine,
1298 491 1346 530 et
1370 484 1489 532 iram

155 559 376 632 Colligit
399 584 457 614 ac
481 567 616 630 ponit
639 567 838 623 temere,
865 574 913 614 et
937 575 1149 614 mutatur
1173 567 1223 614 in
1249 569 1736 619 horas.160

175 652 466 699 Imberbus'
450 651 658 715 juvenis,
684 651 882 698 tandem
907 652 1107 699 custode
1140 661 1337 711 remoto,

172 737 370 785 Gaudet
393 736 528 799 equis
552 736 852 798 canibusque
878 744 928 783 et
942 736 1102 798 aprici
1127 726 1346 799 gramine
1371 737 1577 854 Campi·
1565 774 1578 796 ‚

174 820 397 869 Cereus
385 837 436 868 in
461 821 628 867 vitium
654 820 798 879 flecti,
826 820 1145 868 monitoribus
1170 836 1355 884 asper,
1365 858 1367 860 -
1426 834 1430 836 ’

173 904 377 973 Utilium
402 905 567 952 tardus
590 904 817 968 provisor,
844 905 1074 968 prodigus
1100 906 1222 962 aeris,
1410 971 1412 974 y
1437 971 1440 974 .

174 972 423 1062 Sublimis,
450 989 751 1052 cupidusque
777 998 825 1036 et
850 998 1009 1036 amata
1031 990 1302 1052 relinquere
1326 991 1510 1054 pernix.
1642 992 1734 1040 165

173 1074 434 1123 Conversis
458 1073 645 1130 studiis,
673 1082 789 1120 aetas
813 1074 1127 1160 animusque
1124 1075 1273 1122 virilis

171 1158 366 1210 Quaerit
387 1174 503 1221 opes
526 1167 575 1205 et
599 1155 875 1214 amicitias5
880 1152 1080 1205 inservit
1104 1140 1291 1216 honori,

173 1243 489 1313 Commisisse
515 1235 655 1289 cavet
679 1242 806 1304 quod
832 1259 943 1289 mox
967 1251 1152 1290 mutare
1177 1243 1380 1291 laboret.

171 1327 331 1375 Multa
354 1343 520 1374 senem
545 1326 937 1374 circumveniunt
962 1314 1298 1386 incommoda3
1337 1328 1411 1375 vel
1431 1328 1557 1390 quod

169 1411 375 1471 Quaerit,
402 1420 451 1458 et
474 1411 682 1458 inventis
707 1411 851 1458 miser
879 1412 1088 1459 abstinet
1113 1429 1170 1459 ac
1195 1413 1334 1459 timet
1353 1413 1422 1460 uti
1443 1430 1457 1471 ς
1532 1431 1536 1434 ·
1642 1414 1735 1461 170

173 1496 266 1544 Vel
291 1494 420 1558 quod
443 1512 520 1542 res
545 1495 910 1543 omn‘es‘timide
935 1496 1192 1559 gelideque
1217 1479 1471 1552 ministrat,

173 1580 378 1636 Dilator,
404 1596 487 1642 spe
512 1567 700 1642 lorig'us,
727 1579 871 1638 iners,
899 1580 1163 1642 avidusque
1190 1580 1352 1637 futuri,

172 1664 415 1724 Difficilis,
441 1664 684 1725 querulus,
711 1663 929 1710 laudator
954 1664 1185 1726 temporis
1205 1664 1301 1711 acti

173 1751 241 1799 Se
265 1765 431 1813 puero,
458 1764 629 1795 censor
654 1748 1007 1810 castigatorque
1033 1749 1289 1812 minorum.

174 1834 335 1883 Multa
359 1833 519 1880 ferunt
543 1832 658 1879 anni
680 1831 932 1899 venientes
956 1819 1212 1887 commoda
1235 1848 1402 1879 secum
1423 1850 1437 1893 3
1642 1835 1700 1882 17

176 1919 337 1968 Multa
359 1918 644 1966 recedentes
670 1903 906 1964 adimunt.
976 1916 1056 1964 Ne
1082 1917 1201 1964 forte
1227 1917 1404 1964 seniles
1528 1974 1529 1978 Ἰ

177 2003 474 2052 Mandentur
492 2000 662 2064 juveni
685 1995 861 2063 partes,
886 2017 1132 2063 pueroque
1156 2000 1332 2062 vir-iles,
1376 2063 1379 2068 .
1409 2037 1417 2054 2,
1534 1994 1537 1998 ⁵

62 2107 119 2158 3·
178 2089 382 2151 Semper
406 2087 457 2134 in
483 2085 725 2149 adjunctis
750 2101 943 2148 aevoque
967 2084 1260 2132 morabimur
1285 2085 1447 2152 aptis„

1700 1835 1736 1881 vi

27 2165 59 2192 “’
210 2153 351 2222 x“'Aut
374 2171 531 2234 agitur
555 2186 631 2217 res
655 2170 706 2217 in
732 2169 905 2229 sceniS‚
932 2178 1014 2217 aut
1038 2178 1146 2217 acta
1168 2170 1371 2233 refertur
1392 2188 1404 2216 :

28 2251 47 2270 ²
77 2268 95 2293 ἲ
152 2262 154 2265 ’
180 2255 388 2321 Segnius
413 2255 601 2303 irritant
625 2255 811 2302 animos
835 2254 1044 2302 demissa
1066 2271 1151 2317 per
1177 2253 1358 2311 aurem,
1643 2256 1737 2302 180

179 2339 350 2393 Quam
374 2355 478 2402 quae
504 2347 617 2386 sunt
638 2338 792 2385 oculis
817 2339 1037 2402 subjecta
1060 2339 1299 2395 fidelibus,
1326 2347 1374 2386 et
1396 2354 1501 2402 quae

183 2426 295 2489 Ipse
320 2423 411 2471 sibi
435 2415 580 2470 tradit
604 2431 858 2485 spectator.
929 2422 979 2470 N
982 2439 1044 2470 on
1068 2431 1232 2470 tamen
1257 2423 1388 2470 intus

184 2509 352 2572 Digna
374 2507 476 2571 geri
501 2523 690 2569 promes
715 2507 763 2554 in
790 2522 1021 2565 scenam,
1058 2507 1301 2578 multaque
1326 2507 1463 2554 tolles

186 2592 263 2641 Ex
285 2592 453 2651 oculis,
478 2607 583 2654 quae
609 2607 719 2638 mox
742 2599 905 2638 narret
929 2574 1158 2639 facundia
1179 2607 1419 2654 praesens:

187 2676 266 2724 Ne
290 2691 464 2738 pueros
489 2690 652 2722 coram
677 2674 852 2738 populo
877 2674 1056 2722 Medea
1079 2674 1741 2732 trucidet3185

187 2758 291 2805 Aut
314 2757 527 2803 humana
548 2753 708 2818 palam
733 2764 906 2818 coquat
930 2765 1040 2804 exta
1063 2757 1279 2804 nefarius
1304 2756 1512 2827 ᾼξζςᾳες
1583 2776 1593 2779 ’

187 2841 291 2888 Aut
314 2839 364 2886 in
389 2854 525 2886 avem
549 2839 739 2910 Progne
763 2848 989 2897 vertatur,
1016 2841 1235 2906 Cadmus
1260 2840 1310 2887 in
1335 2856 1558 2903 anguem.

185 2924 530 2984 Quodcunque
554 2923 767 2971 ostendis
792 2924 910 2971 mihi
935 2924 1019 2984 sic,
1045 2924 1326 2998 incredulus
1348 2924 1444 2970 odi.

253 3007 392 3056 Neve
417 3006 589 3067 minor,
615 3024 711 3056 neu
738 3008 798 3056 sit
821 3008 989 3071 quinto
1012 2999 1289 3074 produlttior
1314 3017 1426 3056 actu

1186 3082 1202 3188 l
