1894 3188
142 152 241 202 164
666 151 716 197 Q.
746 150 986 190 HORATII
1014 149 1220 189 FLACCI

203 275 379 324 Nudus
403 275 543 339 agriS,
570 276 727 323 nudus
751 276 975 341 nummis,
1002 276 1186 333 insane,
1212 276 1422 340 paternis
1443 276 1462 322 ’Ξ

205 359 405 408 Scilicet
428 368 479 406 ut
501 360 695 423 plausus
719 377 836 423 quos
861 361 951 408 sert
975 361 1191 425 Agrippa
1215 361 1337 427 feras
1361 370 1427 422 tu,
1647 361 1742 410 185

203 444 380 492 Astuta
404 445 669 508 ingenuum
694 446 858 508 vulpes
883 446 1066 494 imitata
1088 447 1278 494 leonem
1300 448 1318 492 2
1341 446 1353 468 ’

203 537 217 559 ⁶
237 529 315 577 Ne
340 529 444 592 quis
469 531 692 578 humasse
717 530 829 578 velit
854 531 1070 594 Ajacem,
1098 530 1285 587 Atrida,
1311 539 1441 578 vetas
1465 547 1551 580 cur
1572 534 1590 579 ’ἔ
1612 534 1623 555 ’

203 621 215 643 ‘
236 613 348 661 Rex
372 615 508 660 sum)
579 622 591 644 ⁴
613 614 696 662 Nil
722 612 845 662 ultra
869 631 1027 677 quaero
1050 615 1296 678 plebeius!
1370 623 1381 645 ‘
1399 615 1462 663 Et
1487 632 1671 680 aequam

199 698 329 745 Rem
354 698 598 761 imperito:
636 708 697 758 at,
724 699 767 746 si
791 699 870 747 cui
895 700 1056 747 videor
1081 716 1178 747 non
1199 699 1369 762 justus,
1396 699 1548 748 inulto

200 782 377 831 Dicere
401 784 526 845 quod
549 784 694 831 sentit
716 784 970 847 permitto.’
1042 788 1051 809 ‘
1073 783 1288 830 Maxime
1313 799 1498 848 regum,
1650 786 1744 834 190

199 865 264 914 Di
288 867 375 914 tibi
400 867 515 914 dent
539 869 676 930 capta
700 868 901 915 classem
925 868 1156 914 reducere
1183 867 1334 930 Troja
1356 865 1365 913 ἔ

199 951 328 1014 Ergo
354 951 621 1008 consulere,
648 961 695 999 et
719 968 829 999 mox
850 952 1137 1014 respondere
1161 951 1358 998 licebit?
1377 951 1389 972 ’

198 1040 211 1062 ‘
233 1036 476 1084 Consule.’
547 1041 557 1061 ‘
582 1036 681 1083 Cur
705 1036 846 1099 Ajax,
874 1037 1013 1083 heros
1038 1036 1097 1083 ab
1122 1035 1313 1082 Achille
1339 1036 1595 1094 secundus,

199 1121 451 1180 Putrescit,
478 1121 617 1168 toties
641 1120 838 1168 servatis
862 1120 1019 1167 clarus
1044 1119 1279 1167 Achivis?

196 1205 419 1252 Gaudeat
444 1213 495 1252 ut
518 1205 719 1269 populus
744 1205 923 1252 Priami
949 1204 1261 1266 Priamusque
1286 1204 1549 1262 inhumato,
1647 1206 1738 1254 195

197 1289 289 1336 Per
312 1306 453 1352 quem
478 1298 545 1336 tot
564 1290 763 1352 juvenes
787 1290 938 1353 patrio
963 1288 1162 1336 caruere
1187 1290 1404 1353 sepulcro
1426 1292 1444 1336 ’ἔ
1466 1291 1477 1312 ’

196 1379 208 1399 ⁴
231 1374 365 1421 Mille
389 1375 547 1422 ovium
573 1375 770 1421 insanus
795 1374 933 1422 morti
958 1374 1105 1430 dedit,
1128 1374 1360 1436 inclytum
1385 1374 1603 1437 Ulyssem

194 1458 258 1505 Et
282 1459 561 1506 Menelaiim
588 1461 681 1505 una
707 1475 896 1506 mecum
921 1475 970 1506 se
995 1458 1216 1505 occidere
1242 1459 1487 1505 clamans.’

194 1543 207 1564 ‘
225 1539 306 1585 Tu
330 1556 475 1601 quum
498 1557 583 1602 pro
608 1540 751 1586 vitula
776 1540 944 1586 statuis
969 1539 1158 1586 dulcem
1185 1539 1361 1585 Aulide
1386 1547 1546 1587 natam

195 1623 326 1670 Ante
352 1640 471 1682 aras,
498 1623 772 1686 spargisque
797 1622 922 1669 mola
946 1630 1106 1684 caput,
1134 1621 1362 1684 improbe,
1389 1622 1526 1682 salsa,
1635 1624 1733 1672 200

195 1707 406 1754 Rectum
427 1707 573 1754 animi
594 1723 751 1754 servas
770 1708 786 1752 ‘3
808 1708 817 1728 ²
847 1714 858 1735 ‘
875 1706 1122 1757 Quorsum
1142 1708 1157 1751 'l
1177 1706 1187 1727 '
1216 1711 1224 1731 ‘
1244 1707 1450 1754 Insanus
1470 1707 1582 1769 quid
1602 1708 1730 1756 enim

325 1791 452 1853 Ajax

194 1874 348 1931 Fecit,
374 1892 518 1937 quum
544 1875 705 1922 stravit
731 1876 852 1923 ferro
874 1891 1022 1938 pecus
1040 1877 1057 1921 ’ἒ
1096 1875 1325 1922 abstinuit
1349 1876 1443 1922 vim

191 1959 350 2006 Uxore
375 1968 423 2006 et
445 1968 607 2021 gnato,
634 1960 756 2006 mala
781 1960 931 2006 multa
953 1968 1174 2021 precatus
1199 1960 1396 2007 Atridis.

194 2043 306 2090 Non
332 2043 410 2090 ille
435 2052 516 2091 aut
541 2044 787 2090 Teucrum
814 2052 893 2090 aut
917 2044 1071 2106 ipsum
1096 2044 1286 2091 violavit
1311 2044 1560 2106 Ulyssem.'

194 2133 204 2152 ‘
223 2127 403 2175 Verum
428 2144 533 2190 ego,
560 2137 611 2174 ut
636 2129 869 2175 merentes
894 2129 1088 2175 adverso
1112 2129 1267 2175 littore
1292 2145 1436 2176 naves
1625 2129 1727 2177 205

191 2212 457 2274 Eriperem,
482 2213 691 2274 prudens
715 2212 898 2274 placavi
924 2212 1156 2275 sanguine
1181 2212 1344 2258 divos.’

196 2300 207 2322 ⁶
230 2293 420 2355 Nempe
447 2300 542 2348 tuo,
571 2293 778 2340 furiose.’
852 2301 863 2322 ‘
886 2292 1013 2351 Meo,
1040 2294 1123 2339 sed
1148 2309 1243 2339 non
1270 2293 1506 2340 furiosus-³

190 2382 203 2402 ⁴
219 2377 322 2428 Qui
348 2377 531 2439 species
555 2377 670 2423 alias
696 2378 816 2423 veris
841 2377 1127 2438 scelerisque
1155 2377 1360 2423 tumultu

190 2461 454 2509 Permixtas
479 2462 650 2524 capiet,
677 2470 941 2508 commotus
966 2461 1216 2508 habebitur
1237 2478 1250 2518 3
1288 2469 1446 2523 atque,

190 2545 463 2593 Stultitiane
487 2555 626 2601 erret,
653 2545 854 2592 nihilum
879 2545 1086 2600 distabit,
1114 2562 1172 2591 an
1199 2545 1281 2591 ira.
1624 2545 1723 2590 210

190 2629 332 2691 Ajax,
358 2646 502 2691 quum
527 2629 786 2676 immeritos
809 2628 1002 2684 occidit,
1029 2629 1213 2690 desipit,
1241 2630 1424 2691 agnos?

187 2712 355 2763 Quum
380 2713 589 2775 prudens
613 2713 769 2759 scelus
792 2712 853 2758 ob
877 2713 1036 2759 titulos
1061 2712 1270 2759 admittis
1294 2711 1478 2767 inaneS‚

187 2797 296 2843 Stas
321 2797 516 2843 animo?
552 2805 600 2843 et
623 2812 793 2858 purum
818 2808 890 2843 est
914 2796 1026 2843 vitio
1051 2796 1152 2852 tibi,
1178 2812 1324 2857 quum
1359 2795 1594 2842 tumidum
1630 2803 1718 2850 est,

318 2896 399 2926 cor
417 2881 435 2925 ‘3

186 2963 239 3011 Si
263 2964 367 3026 quis
390 2963 562 3010 lectica
586 2963 786 3010 nitidam
805 2972 991 3027 gestare
1017 2972 1142 3010 amet
1166 2979 1354 3026 agnam,
1619 2961 1720 3009 214

185 3048 316 3096 Huic
341 3056 536 3104 vestem,
564 3057 615 3094 ut
638 3056 810 3111 gnatae,
835 3056 982 3110 paret,
1009 3047 1207 3095 ancillas
1230 3054 1381 3110 paret,
1408 3061 1576 3093 aurum
1596 3061 1608 3102 3
