1894 3188
184 87 287 137 226
705 85 754 131 Q.
783 84 1021 125 HORATn
1049 84 1254 124 FLAccl

248 209 482 258 Describi.
550 210 748 258 Vertere
773 210 980 268 modum,
1005 208 1255 256 formidine
1280 209 1431 266 fustis,

248 294 326 342 Ad
351 294 471 340 bene
490 293 745 341 dicendum
767 292 1193 355 delectandumque
1213 294 1412 341 redacti,
1679 297 1770 344 155

311 377 498 425 Graecia
521 369 659 440 capta
682 378 832 425 ferum
856 377 1081 424 victorem
1106 379 1246 440 cepit,
1272 386 1318 425 et
1342 387 1465 426 artes

247 460 413 508 Intulit
437 462 607 525 agresti
632 462 784 510 Latio.
855 462 938 509 Sic
962 462 1179 509 horridus
1202 462 1280 509 ille

243 543 457 592 Defluxit
481 562 705 593 numerus
730 546 1010 603 Saturnius3
1047 555 1095 593 et
1117 562 1261 609 grave
1286 546 1413 593 virus

246 628 499 676 Munditiae
523 630 745 692 pepulere
767 647 776 678 :
814 631 897 677 sed
922 630 972 677 in
997 630 1192 693 longum
1218 640 1377 677 tamen
1404 647 1553 677 aevum

245 711 527 760 Manserunt
553 714 786 776 hodieque
810 723 1006 761 manent
1029 715 1227 777 vestigia
1250 715 1386 761 ruris.
1678 716 1770 763 160

245 797 391 845 Serus
414 797 540 844 enim
565 798 748 845 Graecis
772 799 980 846 admovit
1004 799 1225 846 acumina
1249 800 1424 846 chartis
1445 816 1458 855 3

245 880 321 940 Et,
345 890 448 944 post
475 882 657 929 Punica
681 883 803 930 bella
826 883 1029 945 quietus,
1055 899 1263 945 quaerere
1289 883 1432 945 coepit

245 964 379 1016 Quid
405 966 664 1028 Sophocles
687 976 735 1014 et
759 967 967 1029 Thespis
990 975 1038 1014 et
1062 967 1320 1029 AEschylus
1343 967 1458 1014 utile
1483 967 1674 1015 ferrent.

246 1048 473 1096 Tentavit
495 1067 678 1112 quoque
703 1067 800 1097 rem
827 1051 865 1098 si
890 1051 1032 1114 digne
1059 1060 1239 1098 vertere
1264 1060 1454 1114 posset3

246 1131 308 1180 Et
329 1133 507 1196 placuit
530 1134 635 1190 sibi,
662 1137 828 1181 natura
853 1135 1066 1182 sublimis
1091 1145 1138 1182 et
1162 1151 1298 1182 acer:
1679 1135 1769 1182 165

245 1216 374 1264 Nam
398 1217 542 1280 spirat
565 1219 798 1281 tragicum
824 1218 951 1279 satis,
977 1229 1025 1266 et
1049 1219 1248 1266 feliciter
1273 1220 1444 1276 audet3

246 1301 342 1348 Sed
365 1310 546 1365 turpem
572 1312 704 1365 putat
728 1302 899 1351 inscite
925 1303 1183 1365 metuitque
1207 1303 1411 1351 lituram.

310 1384 549 1442 Creditur,
575 1404 635 1434 ex
660 1388 815 1435 medio
838 1388 949 1450 quia
972 1404 1046 1434 res
1072 1388 1287 1443 arcessit,
1315 1387 1488 1434 habere

246 1469 442 1517 Sudoris
466 1471 728 1531 minimum,
755 1473 837 1518 sed
864 1473 1006 1519 habet
1030 1471 1281 1518 Comoedia
1304 1469 1434 1517 tanto

245 1552 357 1600 Plus
380 1553 550 1612 oneris,
576 1553 752 1615 quanto
777 1555 925 1601 veniae
952 1555 1123 1601 minus.
1193 1554 1372 1616 Aspice
1397 1554 1593 1601 Plautus
1679 1554 1770 1601 170

243 1635 358 1688 Quo
380 1645 519 1699 pacto
543 1647 703 1699 partes
727 1647 903 1685 tutetur
929 1638 1130 1686 amantis
1155 1638 1343 1700 ephebi,

245 1719 308 1768 Ut
328 1720 473 1783 patris
498 1722 679 1779 attenti,
704 1722 888 1769 lenonis
912 1731 963 1769 ut
986 1722 1201 1768 insidiosi
1223 1738 1232 1768 :

243 1803 468 1856 Quantus
492 1806 550 1852 sit
575 1806 853 1853 Dossennus
872 1807 1100 1853 edacibus
1125 1806 1171 1852 in
1199 1804 1444 1868 parasitis3

243 1887 407 1940 Quam
433 1906 526 1936 non
553 1890 744 1937 astricto
767 1900 1010 1953 percurrat
1034 1890 1213 1952 pulpita
1237 1905 1393 1937 socco.

244 1974 398 2022 Gestit
419 1974 546 2021 enim
573 1992 818 2022 nummum
844 1976 892 2022 in
915 1975 1095 2023 loculos
1120 1975 1385 2031 demittere,
1410 1982 1515 2037 post
1538 1975 1630 2022 hoc
1678 1973 1771 2021 175

245 2058 454 2106 Securus
477 2059 618 2106 cadat
642 2077 704 2106 an
730 2068 859 2107 recto
883 2068 974 2106 stet
997 2059 1154 2106 sabula
1178 2059 1286 2106 talo.

308 2141 471 2193 Quem
498 2143 602 2189 tulit
626 2144 684 2190 ad
710 2160 901 2190 scenam
928 2152 1122 2190 ventoso
1145 2142 1308 2189 Gloria
1332 2157 1488 2197 curru,

245 2225 497 2273 Exanimat
521 2227 677 2274 lentus
702 2236 949 2290 spectator,
977 2227 1170 2274 sedulus
1194 2226 1341 2273 inflat.

247 2310 328 2358 Sic
351 2311 469 2366 leve,
495 2312 563 2358 sic
588 2329 778 2374 parvum
805 2321 889 2371 est,
917 2312 1126 2358 animum
1153 2311 1275 2372 quod
1301 2309 1453 2356 laudis
1478 2324 1669 2357 avarum

248 2394 444 2441 Subruit
468 2411 523 2442 ac
548 2396 713 2443 reficit.
782 2397 955 2443 Valeat
979 2412 1053 2442 res
1077 2395 1276 2449 ludicra,
1302 2394 1340 2440 si
1367 2409 1441 2440 me
1677 2391 1767 2440 180

247 2477 409 2524 Palma
432 2487 606 2540 negata
631 2496 854 2538 macrum,
881 2480 1055 2526 donata
1073 2479 1258 2526 reducit
1281 2477 1504 2540 opimum.

312 2560 450 2623 Saepe
475 2563 615 2609 etiam
641 2564 870 2610 audacem
897 2563 1028 2625 sugat
1052 2564 1158 2618 hoc,
1183 2570 1417 2622 terretque
1440 2563 1646 2622 poetam,

245 2644 390 2694 Quod
416 2663 611 2693 numero
635 2647 806 2709 plures,
835 2647 1002 2694 virtute
1026 2655 1074 2694 et
1098 2648 1274 2693 honore
1299 2645 1520 2699 minores,

247 2729 434 2775 Indocti
459 2731 721 2793 stolidique,
747 2740 794 2778 et
817 2731 1091 2793 depugnare
1115 2729 1265 2792 parati

247 2811 300 2859 Si
323 2812 560 2860 discordet
583 2831 741 2876 eques,
768 2815 924 2862 media
948 2815 1068 2861 inter
1093 2813 1305 2861 carmina
1328 2819 1533 2874 poscunt
1670 2809 1765 2857 185

249 2895 349 2942 Aut
372 2911 544 2954 ursum,
571 2909 650 2945 aut
673 2898 883 2961 pugiles:
921 2898 993 2944 his
1018 2913 1125 2945 nam
1150 2895 1396 2958 plebecula
1419 2894 1609 2958 gaudet.

249 2978 428 3027 Verum
451 2980 595 3042 equiti
618 2998 801 3044 quoque
822 2982 923 3045 jam
945 2980 1163 3044 migravit
1185 2980 1245 3026 ab
1264 2995 1376 3026 aure
1397 2978 1616 3040 voluptas
