1894 3188
537 98 939 142 EPISTO'LARUM
972 101 1078 141 LIB.
1108 102 1163 141 ΙΙ.
1543 106 1644 154 227

129 229 301 275 Omnis
324 227 380 274 ad
407 227 612 274 incertos
634 227 798 274 oculos
820 236 868 274 et
890 227 1064 291 gaudia
1087 243 1222 275 vana.

128 312 348 362 Quatuor
373 321 454 358 aut
477 311 632 374 plures
656 311 803 357 aulaea
825 320 1101 374 premuntur
1126 311 1173 358 in
1200 313 1349 373 horas,

130 395 257 442 Dum
283 396 472 458 fugiunt
494 395 702 456 equitum
729 404 892 442 turmae
916 395 1220 457 peditumque
1246 405 1475 455 catervae3
1554 396 1646 444 190

130 479 246 528 Mox
269 480 466 526 trahitur
491 479 707 526 manibus
730 495 893 542 regum
921 479 1107 526 fortuna
1130 480 1315 526 retortis
1335 496 1349 537 3

129 563 309 610 Esseda
329 563 563 621 festinant,
588 563 777 624 pilenta,
803 563 1039 625 petorrita,
1061 579 1236 620 naves;

130 648 378 710 Captivum
405 656 613 710 portatur
637 648 769 703 ebur,
795 647 982 710 captiva
1006 647 1278 695 Corinthus·

131 731 181 777 Si
207 732 323 778 foret
347 732 394 778 in
419 731 567 786 terris,
594 732 767 778 rideret
791 731 1106 790 Democritus,
1133 749 1217 779 seu

130 814 378 861 Diversum
404 815 599 862 confusa
621 832 773 878 genus
795 816 1027 878 panthera
1051 817 1246 875 camelo,
1553 817 1647 864 195

129 899 238 945 Sive
262 899 450 960 elephas
475 900 606 945 albus
630 899 756 962 vulgi
781 909 1075 947 converteret
1098 916 1205 946 ora:

130 983 374 1044 Spectaret
397 983 617 1044 populum
641 983 763 1029 ludis
789 983 1011 1030 attentius
1035 984 1161 1045 ipsis,

129 1065 192 1112 Ut
215 1066 303 1112 sibi
328 1067 610 1128 praebentem
639 1067 781 1114 mimo
805 1068 1076 1129 spectacula
1106 1067 1254 1129 plura.

130 1150 390 1211 Scriptores
416 1160 571 1196 autem
596 1167 784 1197 narrare
808 1160 993 1213 putaret
1016 1151 1160 1197 asello

129 1233 370 1280 Fabellam
396 1236 567 1281 surdo:
604 1251 712 1280 nam
737 1251 838 1296 quae
863 1235 1136 1296 pervincere
1163 1249 1301 1280 voces
1549 1235 1647 1283 200

128 1316 360 1363 Evaluere
386 1334 550 1364 sonum
577 1318 786 1364 referunt
809 1334 948 1379 quem
973 1326 1132 1365 nostra
1155 1319 1337 1364 theatra
1357 1319 1375 1363 ‘3

128 1401 398 1463 Garganum
426 1402 606 1463 mugire
631 1410 765 1463 putes
790 1418 970 1460 nemus,
998 1412 1077 1448 aut
1102 1418 1229 1448 mare
1255 1402 1500 1449 Tuscum:
1526 1402 1529 1406 ’

129 1483 288 1530 Tanto
312 1500 418 1530 cum
445 1485 638 1546 strepitu
662 1485 761 1531 ludi
786 1493 1060 1546 spectantur
1083 1494 1130 1531 et
1154 1494 1276 1531 artes

128 1567 406 1630 Divitiaeque
431 1569 690 1631 peregrinae
711 1586 722 1626 3
759 1569 928 1630 quibus
952 1569 1124 1616 oblitus
1149 1579 1277 1616 actor

127 1651 291 1702 Quum
317 1653 442 1699 stetit
466 1653 513 1698 in
540 1653 700 1710 scend,
727 1653 967 1700 concurrit
991 1654 1185 1700 dextera
1209 1654 1350 1702 laevae.
1549 1655 1645 1704 205

127 1734 258 1782 Dixit
281 1737 436 1783 adhuc
460 1737 633 1798 aliquid
656 1737 788 1783 Ί--Ν
796 1737 825 1783 il
851 1736 1180 1787 sane—Quid
1203 1738 1359 1800 placet
1382 1754 1496 1802 ergo
1513 1741 1601 1786 2—

128 1819 261 1865 Lana
284 1820 545 1867 Tarentino
569 1821 711 1867 violas
735 1821 916 1867 imitata
938 1837 1136 1868 veneno.

195 1903 270 1949 Ac
293 1920 352 1949 ne
379 1904 491 1950 sorte
516 1915 652 1965 putes
675 1921 766 1959 me,
792 1921 894 1966 quae
920 1905 1075 1951 facere
1100 1905 1199 1966 ipse
1224 1921 1455 1962 recusem,

127 1986 294 2037 Quum
317 1987 442 2034 recte
467 1996 670 2033 tractent
694 1987 785 2045 alii,
812 1988 1006 2033 laudare
1030 1987 1238 2050 maligne
1260 2004 1273 2044 3

131 2071 215 2118 Ille
240 2089 321 2134 per
345 2080 585 2118 extentum
610 2071 769 2117 funem
795 2071 911 2117 mihi
934 2087 1071 2133 posse
1096 2071 1280 2120 videtur
1548 2074 1645 2123 210

130 2155 205 2201 Ire
230 2159 384 2216 poeta,
411 2170 566 2200 meum
590 2154 669 2215 qui
692 2162 858 2216 pectus
882 2154 1087 2200 inaniter
1107 2154 1253 2217 angit,

130 2239 303 2297 Irritat,
330 2239 520 2294 mulcet,
546 2238 672 2285 falsis
696 2238 951 2285 terroribus
977 2238 1152 2300 implet,

129 2322 192 2369 Ut
214 2338 395 2384 magus,
422 2332 468 2369 et
491 2321 627 2369 modo
653 2338 726 2368 me
751 2321 950 2377 Thebis,
976 2321 1116 2368 modo
1139 2321 1272 2385 ponit
1296 2323 1513 2372 Athenis.

192 2405 368 2453 Veriim
394 2422 495 2468 age,
521 2414 568 2452 et
592 2406 665 2452 his
687 2406 767 2467 qui
790 2421 840 2452 se
863 2405 1026 2452 lectori
1052 2407 1246 2453 credere
1269 2407 1468 2466 malunt,

127 2489 290 2541 Quam
316 2489 589 2552 spectatoris
613 2489 798 2536 fastidia
821 2489 940 2536 ferre
964 2489 1170 2552 superbi,
1546 2491 1642 2540 215

129 2574 304 2621 Curam
327 2575 471 2620 redde
496 2574 700 2629 brevem,
726 2573 764 2619 si
787 2589 959 2620 munus
983 2573 1206 2636 Apolline
1230 2572 1427 2636 dignum

130 2658 215 2705 Vis
239 2659 473 2721 complere
495 2658 639 2716 libris,
665 2666 713 2703 et
734 2657 916 2704 vatibus
940 2658 1112 2704 addere
1136 2657 1308 2713 calcar,

129 2741 192 2788 Ut
215 2742 368 2788 studio
391 2743 565 2805 majore
588 2749 752 2804 petant
776 2740 1013 2788 Helicona
1037 2741 1279 2788 virentem.

183 2825 348 2872 'Multa
370 2826 559 2888 quidem
583 2825 717 2872 nobis
743 2825 939 2872 facimus
962 2824 1086 2871 mala
1108 2823 1233 2887 saepe
1257 2827 1410 2888 poetae

134 2908 220 2973 (Ut
243 2909 400 2957 vineta
423 2918 610 2973 egomet
633 2910 812 2956 caedam
835 2912 979 2974 mea),
1004 2925 1148 2971 quum
1171 2909 1255 2956 tibi
1278 2909 1450 2958 librum
1545 2913 1642 2960 22⁰

128 2992 341 3041 Sollicito
363 2994 545 3050 damus,
571 3002 652 3041 aut
674 2993 828 3050 fesso3
863 3008 1008 3055 quum
1030 2992 1243 3040 laedimur
1269 3010 1415 3041 unum
