1894 3188
166 123 266 170 1'70
691 117 741 164 Q.
771 117 1011 157 HORATII
1038 115 1245 157 FLACCI

226 244 458 308 Ignarum
482 242 655 306 quibus
679 251 751 291 est
770 243 849 307 jus
873 244 1045 308 aptiuS‚
1071 253 1119 292 et
1141 245 1314 308 quibus
1339 245 1459 294 assis

226 328 510 392 Languidus
534 328 584 375 in
609 328 825 376 cubitum
845 329 943 392 jam
969 346 1019 376 se
1045 330 1247 377 conviva
1264 339 1476 393 reponet.

227 413 425 473 Umber,
451 421 499 460 et
523 413 669 476 iligna
693 413 903 461 nutritus
926 414 1117 478 glande,
1143 416 1376 463 rotundas

226 498 408 547 Curvet
432 515 544 562 aper
567 499 733 546 lances
758 515 954 547 carnem
978 500 1170 547 vitantis
1204 500 1409 548 inertem
1429 516 1442 547 ε

225 584 359 633 Nam
383 584 601 632 Laurens
625 585 778 632 malus
801 593 890 642 est,
916 584 1037 632 ulvis
1060 594 1109 632 et
1133 586 1370 633 arundine
1394 585 1602 650 pinguis.

224 669 385 717 Vinea
408 669 644 716 submittit
667 685 864 732 capreas
888 686 987 717 non
1011 687 1197 733 semper
1221 671 1402 718 edules.

224 754 487 802 Foecundae
512 754 684 817 leporis
709 754 901 817 sapiens
926 755 1184 802 sectabitur
1221 772 1392 802 armos.

224 839 446 888 Piscibus
471 847 610 901 atque
636 839 801 886 avibus
824 855 929 901 quae
953 848 1124 886 natura
1147 847 1195 886 et
1219 839 1338 886 soret
1362 848 1493 899 aetas,

223 924 350 972 Ante
374 940 536 970 meum
559 923 679 970 nulli
702 923 855 986 patuit
879 924 1077 986 quaesita
1106 924 1335 986 palatum.

224 1009 351 1056 Sunt
373 1024 576 1070 quorum
601 1008 850 1071 ingenium
875 1025 998 1055 nova
1020 1008 1207 1056 tantum
1232 1008 1444 1056 crustula
1465 1009 1653 1072 promit.

222 1094 539 1156 Nequaquam
565 1092 679 1140 satis
704 1093 752 1140 in
778 1109 828 1140 re
853 1094 950 1140 una
974 1109 1257 1140 consumere
1283 1109 1447 1140 curam
1470 1109 1482 1139 z

222 1179 288 1227 Ut
311 1179 351 1225 si
375 1179 480 1241 quis
505 1178 658 1225 solum
684 1179 792 1234 hoc,
818 1178 945 1225 mala
968 1194 1029 1226 ne
1055 1178 1151 1224 sint
1175 1177 1301 1234 vina,
1326 1178 1524 1234 laboret,

221 1262 373 1314 Quali
397 1263 652 1326 perfundat
674 1262 833 1325 pisces
858 1279 1056 1309 securus
1079 1262 1217 1309 olivo.

222 1347 436 1396 Massica
460 1348 499 1395 si
524 1348 646 1395 coelo
672 1363 911 1410 supponas
935 1347 1045 1394 vina
1071 1363 1255 1406 sereno,

222 1432 489 1491 Nocturna,
516 1432 555 1478 si
580 1431 694 1493 quid
719 1432 867 1478 crassi
892 1439 977 1490 est,
1003 1431 1283 1477 tenuabitur
1309 1432 1439 1489 aura,

221 1515 287 1563 Et
310 1516 513 1563 decedet
536 1515 835 1562 odor⁴nervis
860 1515 1114 1571 inimicus3
1152 1523 1202 1560 at
1226 1514 1307 1560 illa

223 1601 475 1664 Integrum
499 1601 705 1662 perdunt
729 1600 827 1646 lino
853 1599 1018 1645 vitiata
1041 1615 1274 1661 saporem.

224 1685 512 1734 Surrentina
535 1683 663 1732 vafer
688 1684 768 1745 qui
794 1683 964 1730 miscet
989 1683 1105 1729 faece
1132 1683 1338 1729 Falerna

221 1770 368 1826 Vina,
395 1769 669 1816 columbino
692 1769 859 1814 limum
884 1768 1007 1814 bene
1033 1768 1215 1830 colligit
1238 1784 1326 1814 ovo
1347 1785 1358 1825 3

221 1855 480 1906 Quatenus
505 1854 601 1901 ima
623 1853 742 1916 petit
766 1852 958 1899 volvens
983 1852 1140 1898 aliena
1167 1852 1371 1898 vitellus.

222 1940 387 1988 Tostis
411 1946 706 1986 marcentem
731 1937 912 1999 squillis
936 1936 1176 1983 recreabis
1201 1945 1248 1983 et
1272 1936 1391 1983 Afra

221 2024 442 2072 Potorem
467 2023 664 2070 cochlea
685 2038 698 2079 ς
733 2037 846 2068 nam
869 2021 1061 2067 lactuca
1083 2021 1269 2067 innatat
1293 2020 1392 2067 acri

222 2106 337 2154 Post
360 2106 522 2152 vinum
548 2103 794 2151 stomacho
816 2119 826 2148 :
862 2103 1012 2165 perna
1037 2101 1189 2165 magis
1215 2119 1271 2149 ac
1296 2101 1449 2165 magis
1475 2102 1601 2151 hillis

220 2190 432 2254 Flagitat
456 2189 505 2236 in
530 2204 714 2235 morsus
738 2186 871 2234 refici
893 2203 905 2243 3
942 2186 1056 2249 quin
1081 2187 1246 2233 omnia
1270 2186 1418 2247 malit,

221 2275 543 2335 Quaecunque
568 2271 829 2319 immundis
854 2270 1039 2317 fervent
1062 2270 1191 2317 illata
1214 2270 1419 2333 popinis.

223 2360 313 2408 Est
335 2374 491 2421 operae
514 2356 722 2420 pretium
746 2354 950 2418 duplicis
972 2371 1258 2418 pernoscere
1278 2355 1400 2418 juris

224 2444 490 2492 Naturam:
528 2441 729 2504 simplex
752 2456 778 2486 e
803 2439 933 2486 dulci
957 2448 1144 2486 constat
1166 2439 1305 2498 olivo,

224 2527 374 2578 Quod
397 2526 564 2590 pingui
589 2525 792 2572 miscere
816 2539 948 2570 mero
971 2523 1217 2585 muriaque
1242 2522 1447 2582 decebit,

225 2612 340 2661 Non
364 2612 457 2658 alia
479 2609 622 2672 quam
646 2610 738 2672 qua
763 2608 999 2670 Byzantia
1020 2607 1202 2670 putruit
1224 2624 1354 2654 orca.

228 2696 339 2744 Hoc
361 2695 443 2741 ubi
468 2694 720 2742 confusum
747 2693 891 2739 sectis
915 2691 1143 2739 inferbuit
1167 2692 1342 2748 herbis,

227 2779 526 2842 Corycioque
550 2793 692 2825 croco
717 2793 932 2840 sparsum
957 2776 1104 2835 stetit,-
1126 2776 1320 2838 insuper
1344 2775 1491 2822 addes

228 2865 400 2914 Pressa
421 2862 710 2910 Venafranae
734 2862 861 2924 quod
887 2861 1040 2908 bacca
1062 2859 1245 2908 remisit
1266 2859 1416 2907 olivae.

228 2947 423 2997 Picenis
446 2947 625 2994 cedunt
646 2945 800 3008 pomis
824 2944 1050 2992 Tiburtia
1073 2959 1222 2991 succo
1242 2959 1256 3001 3

228 3033 359 3083 Nam
384 3030 505 3079 facie
527 3037 768 3094 praestant.
836 3028 1092 3078 Venucula
1114 3026 1340 3077 convenit
1361 3026 1466 3075 ollis
1485 3041 1500 3084 3

1706 418 1772 465 40

1706 840 1773 888 45

1705 1262 1772 1310 50

1703 1684 1770 1731 55

1701 2104 1767 2151 60

1701 2523 1766 2570 65

1699 2941 1766 2990 70
