1894 3188
181 106 281 155 154
728 106 777 153 Q.
807 105 1047 146 HORATII
1074 106 1280 147 FLACCI

240 226 442 286 Discite,
468 245 566 278 non
589 230 714 279 inter
736 231 900 279 lances
924 248 1207 296 mensasque
1226 234 1450 294 nitentes,

240 311 410 364 Quum
433 321 591 378 stupet
613 315 797 364 insanis
821 316 950 364 acies
975 317 1252 381 fulgoribus,
1278 327 1326 365 et
1349 335 1495 381 quum
1746 322 1778 367 5

241 393 461 446 Acclirsis
486 399 615 447 falsis
639 400 827 448 animus
851 401 1049 448 meliora
1072 410 1290 460 recusat3

241 479 420 529 Verfim
444 482 522 530 hic
545 483 772 547 impransi
797 500 987 532 mecum
1011 485 1443 548 disquirite—Cur
1468 487 1561 534 hoc
1581 488 1669 533 2-

238 566 428 626 Dicam‚
453 567 493 615 si
515 575 695 631 potero.
765 568 896 616 Male
922 586 1085 617 verum
1109 570 1352 618 examinat
1375 571 1532 618 omnis

238 649 501 714 Corruptus
520 652 683 715 judex.
754 652 986 716 Leporem
1013 663 1238 711 sectatuS‚
1265 671 1446 717 equove

239 734 417 783 Lassus
440 736 500 782 ab
524 736 769 797 indomito,
795 738 867 785 vel
893 738 932 785 si
958 738 1182 786 Romana
1206 739 1374 803 fatigat
1721 742 1782 788 10

213 818 415 886 fMilitia
439 828 681 868 assuetum
704 822 918 885 graecari,
945 839 1030 869 seu
1052 822 1149 885 pila
1176 816 1328 880 velox,

172 903 181 912 '
204 886 217 951 *s
239 902 451 951 Molliter
475 912 717 952 austerum
741 905 897 953 studio
922 906 1114 953 fallente
1139 906 1368 963 laborem,

188 975 247 1067 ᾗ
231 988 338 1036 -Seu
361 996 408 1035 te
433 988 594 1036 discus
619 989 749 1053 agit;
786 999 896 1053 pete
920 991 1174 1038 cedentem
1199 994 1311 1038 aera
1334 991 1499 1039 disco:

192 1046 247 1068 ‚
238 1071 410 1123 Quum
432 1072 564 1121 labor
588 1074 827 1122 extuderit
852 1074 1056 1131 fastidia,
1083 1075 1255 1136 sicem,
1278 1076 1451 1133 inanis,

240 1156 425 1218 Sperne
449 1157 612 1204 cibum
637 1158 813 1216 vilem3
849 1158 942 1206 nisi
963 1159 1211 1222 Hymettia
1233 1160 1374 1207 mella
1392 1160 1599 1208 Falerno
1723 1163 1782 1208 15

238 1239 317 1287 Ne
342 1240 518 1288 biberis
542 1241 726 1299 diluta3
765 1240 877 1289 soris
901 1251 973 1289 est
995 1259 1201 1305 promus
1228 1252 1276 1290 et
1299 1252 1453 1291 atrum

238 1323 518 1373 Defendens
541 1326 698 1390 pisces
722 1327 902 1375 hiemat
924 1344 1054 1374 mare
1073 1346 1083 1386 3
1121 1343 1232 1375 cum
1257 1328 1358 1375 sale
1381 1328 1519 1391 panis

236 1408 514 1457 Latrantem
537 1412 837 1459 stomachum
861 1412 984 1459 bene
1009 1412 1170 1459 leniet.
1239 1396 1380 1459 Unde
1404 1420 1557 1474 putas,
1586 1422 1665 1458 aut

234 1491 338 1543 Qui
360 1496 583 1555 partum‘!
621 1492 736 1558 Non
761 1495 810 1542 in
836 1512 947 1544 caro
971 1485 1139 1543 nidore
1168 1496 1384 1558 voluptas

237 1576 451 1636 Summa,
478 1578 561 1625 sed
586 1578 635 1625 in
659 1587 707 1626 te
730 1579 833 1641 ipso
857 1588 942 1637 est.
1013 1579 1095 1626 Tu
1117 1578 1435 1641 pulmentaria
1458 1595 1617 1641 quaere
1716 1580 1782 1626 20

238 1661 501 1708 Sudando:
537 1662 767 1724 pinguem
791 1662 916 1708 vitiis
941 1662 1194 1722 albumque
1219 1678 1311 1708 nec
1343 1670 1515 1720 ostrea,

236 1744 349 1816 Nec
371 1761 552 1810 scarus,
578 1753 661 1792 aut
679 1745 850 1808 poterit
872 1744 1126 1807 peregrina
1145 1745 1309 1807 juvare
1334 1745 1501 1808 lagois.

208 1829 333 1886 .Vix
356 1837 518 1899 tamen
542 1829 755 1892 eripiam,
782 1829 934 1892 posito
958 1845 1159 1892 pavone,
1188 1828 1301 1875 velis
1325 1829 1440 1890 quin

238 1912 348 1961 Hoc
372 1897 542 1976 potius,
568 1911 711 1976 quarn
735 1913 929 1976 gallina,
956 1922 1144 1977 tergere
1167 1913 1400 1975 palatum,

238 1997 506 2062 Corruptus
530 1997 663 2044 vanis
686 2013 844 2045 rerum
867 2014 880 2055 3
917 1997 1029 2059 quia
1055 2006 1226 2044 veneat
1252 2014 1367 2044 auro
1719 2000 1783 2045 25

239 2081 374 2128 Rara
398 2081 513 2138 avis,
539 2090 587 2128 et
610 2081 737 2144 picta
760 2082 939 2145 pandat
963 2081 1238 2144 spectacula
1264 2081 1431 2128 cauda.

238 2166 496 2228 Tanquam
520 2166 580 2213 ad
603 2181 705 2213 rem
740 2165 938 2212 attineat
961 2165 1232 2228 quidquam.
1303 2165 1435 2212 Num
1454 2166 1661 2213 vesceris
1686 2167 1775 2213 ista

237 2250 403 2301 Quam
427 2250 597 2297 laudas
619 2250 780 2314 pluma
800 2251 819 2296 2
857 2258 1053 2297 coctove
1078 2266 1194 2296 num
1219 2249 1352 2296 adest
1376 2250 1527 2296 honor
1553 2250 1680 2297 idem
1706 2253 1724 2294 1

240 2335 404 2382 Carne
427 2342 588 2382 tamen
612 2333 826 2396 quamvis
850 2333 994 2380 distat
1018 2333 1137 2380 nihil
1162 2333 1254 2380 hac
1277 2331 1430 2396 magis
1456 2333 1548 2392 illa,

240 2418 510 2482 Imparibus
534 2418 697 2466 formis
718 2419 974 2480 deceptum
998 2425 1044 2465 te
1068 2424 1228 2479 patet3
1265 2425 1393 2464 esto:
1718 2419 1783 2464 30

240 2503 381 2551 Unde
406 2502 570 2550 datum
593 2502 755 2561 sentis,
781 2501 920 2564 lupus
944 2501 1025 2548 hic
1049 2499 1326 2555 Tiberinus,
1353 2515 1414 2546 an
1441 2499 1534 2547 alto

239 2587 421 2650 Captus
445 2587 557 2645 hiet,
582 2594 814 2649 pontesne
839 2585 962 2632 inter
982 2585 1208 2648 jactatus,
1235 2599 1295 2630 an
1321 2583 1473 2629 amnis

240 2671 380 2719 Ostia
403 2671 492 2718 sub
515 2670 709 2718 Tusci?
747 2669 954 2724 Laudas,
982 2668 1167 2724 insane,
1188 2667 1418 2714 trilibrem

241 2754 462 2813 Mullum,
489 2754 537 2800 in
564 2753 756 2817 singula
778 2769 919 2816 quern
944 2752 1135 2799 minuas
1158 2751 1404 2814 pulmenta
1427 2765 1625 2798 necesse
1650 2760 1735 2798 est.

241 2837 389 2885 Ducit
412 2845 458 2884 te
484 2837 684 2899 species,
710 2837 861 2885 video.
932 2835 1048 2887 Quo
1072 2835 1279 2898 pertinet
1304 2850 1418 2897 ergo
1716 2835 1779 2880 35

241 2921 468 2969 Proceros
491 2920 648 2968 odisse
672 2920 848 2983 lupos?
884 2919 1019 2971 Quia
1042 2918 1230 2966 scilicet
1252 2917 1346 2964 illis

243 3003 474 3069 Majorem
498 3011 669 3052 natura
691 3003 884 3052 modum
908 3002 1053 3063 dedit,
1079 3002 1153 3050 his
1176 3001 1317 3050 breve
1342 3001 1544 3066 pondus⁸
