<?xml version="1.0" encoding="UTF-8"?>
<!DOCTYPE html PUBLIC "-//W3C//DTD XHTML 1.0 Transitional//EN"
    "http://www.w3.org/TR/xhtml1/DTD/xhtml1-transitional.dtd">
<html xmlns="http://www.w3.org/1999/xhtml" xml:lang="en" lang="en">
 <head>
  <title>
</title>
<meta http-equiv="Content-Type" content="text/html;charset=utf-8" />
  <meta name='ocr-system' content='tesseract 3.04.00' />
  <meta name='ocr-capabilities' content='ocr_page ocr_carea ocr_par ocr_line ocrx_word'/>
</head>
<body>
  <div class='ocr_page' id='page_1' title='image "./quintihoratiifla1928hora_0080.png"; bbox 0 0 1894 3188; ppageno 0'>
   <div class='ocr_carea' id='block_1_1' title="bbox 152 112 221 159">
    <p class='ocr_par' dir='ltr' id='par_1_1' title="bbox 152 112 221 159">
     <span class='ocr_line' id='line_1_1' title="bbox 152 112 221 159; baseline -0.029 0"><span class='ocrx_word' id='word_1_1' title='bbox 152 112 221 159; x_wconf 82' lang='lat'>70</span> 
     </span>
    </p>
   </div>
   <div class='ocr_carea' id='block_1_2' title="bbox 685 105 1242 154">
    <p class='ocr_par' dir='ltr' id='par_1_2' title="bbox 685 105 1242 154">
     <span class='ocr_line' id='line_1_2' title="bbox 685 105 1242 154; baseline 0 -9"><span class='ocrx_word' id='word_1_2' title='bbox 685 107 737 154; x_wconf 84' lang='lat' dir='ltr'>Q.</span> <span class='ocrx_word' id='word_1_3' title='bbox 765 105 1007 146; x_wconf 82' lang='lat' dir='ltr'><strong>HORATII</strong></span> <span class='ocrx_word' id='word_1_4' title='bbox 1034 106 1068 145; x_wconf 87' lang='lat' dir='ltr'><strong>F</strong></span> <span class='ocrx_word' id='word_1_5' title='bbox 1071 105 1242 145; x_wconf 88' lang='lat' dir='ltr'><strong>LACCI</strong></span> 
     </span>
    </p>
   </div>
   <div class='ocr_carea' id='block_1_3' title="bbox 487 222 1382 632">
    <p class='ocr_par' dir='ltr' id='par_1_3' title="bbox 487 222 1382 463">
     <span class='ocr_line' id='line_1_3' title="bbox 617 222 1382 295; baseline -0.001 -15"><span class='ocrx_word' id='word_1_6' title='bbox 617 232 751 280; x_wconf 86' lang='lat' dir='ltr'>Rore</span> <span class='ocrx_word' id='word_1_7' title='bbox 777 233 910 288; x_wconf 82' lang='lat' dir='ltr'>deOS‚</span> <span class='ocrx_word' id='word_1_8' title='bbox 927 222 1189 295; x_wconf 59' lang='lat' dir='ltr'>&#39;fragilique</span> <span class='ocrx_word' id='word_1_9' title='bbox 1213 241 1382 295; x_wconf 88' lang='lat' dir='ltr'>myrto.</span> 
     </span>
     <span class='ocr_line' id='line_1_4' title="bbox 487 315 1340 379; baseline 0 -16"><span class='ocrx_word' id='word_1_10' title='bbox 487 315 726 363; x_wconf 89' lang='lat' dir='ltr'>Immunis</span> <span class='ocrx_word' id='word_1_11' title='bbox 750 332 882 363; x_wconf 89' lang='lat' dir='ltr'>aram</span> <span class='ocrx_word' id='word_1_12' title='bbox 907 316 948 363; x_wconf 89' lang='lat' dir='ltr'>si</span> <span class='ocrx_word' id='word_1_13' title='bbox 971 316 1129 379; x_wconf 87' lang='lat' dir='ltr'>tetigit</span> <span class='ocrx_word' id='word_1_14' title='bbox 1152 332 1340 373; x_wconf 89' lang='lat' dir='ltr'>manus,</span> 
     </span>
     <span class='ocr_line' id='line_1_5' title="bbox 487 399 1342 463; baseline -0.001 -15"><span class='ocrx_word' id='word_1_15' title='bbox 487 400 602 448; x_wconf 94' lang='lat' dir='ltr'>Non</span> <span class='ocrx_word' id='word_1_16' title='bbox 627 400 908 463; x_wconf 70' lang='lat' dir='ltr'>sumptuosa</span> <span class='ocrx_word' id='word_1_17' title='bbox 930 399 1150 447; x_wconf 84' lang='lat' dir='ltr'>blandior</span> <span class='ocrx_word' id='word_1_18' title='bbox 1174 399 1342 460; x_wconf 68' lang='lat' dir='ltr'>hostia,</span> 
     </span>
    </p>

    <p class='ocr_par' dir='ltr' id='par_1_4' title="bbox 552 484 1207 532">
     <span class='ocr_line' id='line_1_6' title="bbox 552 484 1207 532; baseline -0.002 0"><span class='ocrx_word' id='word_1_19' title='bbox 552 484 759 532; x_wconf 85' lang='lat' dir='ltr'>Mollivit</span> <span class='ocrx_word' id='word_1_20' title='bbox 783 500 973 532; x_wconf 89' lang='lat' dir='ltr'>aversos</span> <span class='ocrx_word' id='word_1_21' title='bbox 999 484 1207 531; x_wconf 80' lang='lat' dir='ltr'>Penates</span> 
     </span>
    </p>

    <p class='ocr_par' dir='ltr' id='par_1_5' title="bbox 617 568 1335 632">
     <span class='ocr_line' id='line_1_7' title="bbox 617 568 1335 632; baseline -0.001 -16"><span class='ocrx_word' id='word_1_22' title='bbox 617 568 766 616; x_wconf 83' lang='lat' dir='ltr'>Farre</span> <span class='ocrx_word' id='word_1_23' title='bbox 789 568 869 632; x_wconf 90' lang='lat' dir='ltr'>pio</span> <span class='ocrx_word' id='word_1_24' title='bbox 893 578 942 616; x_wconf 90' lang='lat' dir='ltr'>et</span> <span class='ocrx_word' id='word_1_25' title='bbox 965 568 1167 616; x_wconf 78' lang='lat' dir='ltr'>saliente</span> <span class='ocrx_word' id='word_1_26' title='bbox 1193 568 1335 616; x_wconf 66' lang='lat' dir='ltr'>mica.</span> 
     </span>
    </p>
   </div>
   <div class='ocr_carea' id='block_1_4' title="bbox 778 991 1154 1039">
    <p class='ocr_par' dir='ltr' id='par_1_6' title="bbox 778 991 1154 1039">
     <span class='ocr_line' id='line_1_8' title="bbox 778 991 1154 1039; baseline 0 -1"><span class='ocrx_word' id='word_1_27' title='bbox 778 991 919 1039; x_wconf 90' lang='lat' dir='ltr'>ODE</span> <span class='ocrx_word' id='word_1_28' title='bbox 955 991 1154 1038; x_wconf 81' lang='lat' dir='ltr'><strong>XVIII.</strong></span> 
     </span>
    </p>
   </div>
   <div class='ocr_carea' id='block_1_5' title="bbox 708 1140 1227 1174">
    <p class='ocr_par' dir='ltr' id='par_1_7' title="bbox 708 1140 1227 1174">
     <span class='ocr_line' id='line_1_9' title="bbox 708 1140 1227 1174; baseline 0.008 -4"><span class='ocrx_word' id='word_1_29' title='bbox 708 1140 765 1173; x_wconf 92' lang='lat' dir='ltr'>IN</span> <span class='ocrx_word' id='word_1_30' title='bbox 789 1141 992 1172; x_wconf 89' lang='lat' dir='ltr'><strong>DIVITES</strong></span> <span class='ocrx_word' id='word_1_31' title='bbox 1017 1141 1227 1174; x_wconf 81' lang='lat' dir='ltr'><strong>AVAROS.</strong></span> 
     </span>
    </p>
   </div>
   <div class='ocr_carea' id='block_1_6' title="bbox 434 1251 1601 3090">
    <p class='ocr_par' dir='ltr' id='par_1_8' title="bbox 434 1251 1601 3090">
     <span class='ocr_line' id='line_1_10' title="bbox 695 1251 1322 1321; baseline -0.003 -14"><span class='ocrx_word' id='word_1_32' title='bbox 695 1259 940 1307; x_wconf 76' lang='lat' dir='ltr'>INTAc&#39;rls</span> <span class='ocrx_word' id='word_1_33' title='bbox 965 1259 1234 1321; x_wconf 90' lang='lat' dir='ltr'>opulentior</span> <span class='ocrx_word' id='word_1_34' title='bbox 1316 1251 1322 1259; x_wconf 23' lang='grc' dir='ltr'><strong>Χ</strong></span> 
     </span>
     <span class='ocr_line' id='line_1_11' title="bbox 434 1342 1394 1399; baseline -0.003 -7"><span class='ocrx_word' id='word_1_35' title='bbox 434 1343 701 1392; x_wconf 89' lang='lat' dir='ltr'>Thesauris</span> <span class='ocrx_word' id='word_1_36' title='bbox 726 1344 944 1391; x_wconf 77' lang='lat' dir='ltr'>Arabum</span> <span class='ocrx_word' id='word_1_37' title='bbox 969 1352 1018 1391; x_wconf 92' lang='lat' dir='ltr'>et</span> <span class='ocrx_word' id='word_1_38' title='bbox 1041 1343 1201 1391; x_wconf 89' lang='lat' dir='ltr'>divitis</span> <span class='ocrx_word' id='word_1_39' title='bbox 1226 1342 1394 1399; x_wconf 81' lang='lat' dir='ltr'>Indiae,</span> 
     </span>
     <span class='ocr_line' id='line_1_12' title="bbox 699 1429 1333 1490; baseline -0.005 -13"><span class='ocrx_word' id='word_1_40' title='bbox 699 1429 962 1477; x_wconf 85' lang='lat' dir='ltr'>Caementis</span> <span class='ocrx_word' id='word_1_41' title='bbox 985 1429 1101 1476; x_wconf 91' lang='lat' dir='ltr'>licet</span> <span class='ocrx_word' id='word_1_42' title='bbox 1123 1443 1333 1490; x_wconf 78' lang='lat' dir='ltr'>occupes</span> 
     </span>
     <span class='ocr_line' id='line_1_13' title="bbox 435 1510 1583 1576; baseline -0.003 -15"><span class='ocrx_word' id='word_1_43' title='bbox 435 1513 746 1576; x_wconf 76' lang='lat' dir='ltr'>Tyrrhenum</span> <span class='ocrx_word' id='word_1_44' title='bbox 769 1529 912 1561; x_wconf 90' lang='lat' dir='ltr'>omne</span> <span class='ocrx_word' id='word_1_45' title='bbox 936 1513 1031 1560; x_wconf 85' lang='lat' dir='ltr'>tuis</span> <span class='ocrx_word' id='word_1_46' title='bbox 1055 1521 1103 1559; x_wconf 88' lang='lat' dir='ltr'>et</span> <span class='ocrx_word' id='word_1_47' title='bbox 1126 1527 1256 1559; x_wconf 85' lang='lat' dir='ltr'>mare</span> <span class='ocrx_word' id='word_1_48' title='bbox 1289 1510 1550 1575; x_wconf 87' lang='lat' dir='ltr'>Apulicum</span> <span class='ocrx_word' id='word_1_49' title='bbox 1573 1529 1583 1569; x_wconf 80' lang='lat'>3</span> 
     </span>
     <span class='ocr_line' id='line_1_14' title="bbox 697 1596 1236 1660; baseline -0.004 -15"><span class='ocrx_word' id='word_1_50' title='bbox 697 1597 751 1645; x_wconf 82' lang='lat' dir='ltr'>Si</span> <span class='ocrx_word' id='word_1_51' title='bbox 775 1597 879 1660; x_wconf 81' lang='lat' dir='ltr'>figit</span> <span class='ocrx_word' id='word_1_52' title='bbox 902 1596 1236 1644; x_wconf 82' lang='lat' dir='ltr'>adamantinos</span> 
     </span>
     <span class='ocr_line' id='line_1_15' title="bbox 435 1680 1366 1730; baseline -0.003 0"><span class='ocrx_word' id='word_1_53' title='bbox 435 1682 647 1730; x_wconf 85' lang='lat' dir='ltr'>Summis</span> <span class='ocrx_word' id='word_1_54' title='bbox 669 1681 931 1729; x_wconf 89' lang='lat' dir='ltr'>verticibus</span> <span class='ocrx_word' id='word_1_55' title='bbox 955 1681 1060 1729; x_wconf 87' lang='lat' dir='ltr'>dira</span> <span class='ocrx_word' id='word_1_56' title='bbox 1083 1680 1366 1728; x_wconf 76' lang='lat' dir='ltr'>Necessitas</span> 
     </span>
     <span class='ocr_line' id='line_1_16' title="bbox 701 1765 1427 1824; baseline -0.001 -11"><span class='ocrx_word' id='word_1_57' title='bbox 701 1765 890 1824; x_wconf 87' lang='lat' dir='ltr'>Clavos,</span> <span class='ocrx_word' id='word_1_58' title='bbox 915 1780 1014 1811; x_wconf 92' lang='lat' dir='ltr'>non</span> <span class='ocrx_word' id='word_1_59' title='bbox 1039 1765 1254 1811; x_wconf 90' lang='lat' dir='ltr'>animum</span> <span class='ocrx_word' id='word_1_60' title='bbox 1278 1772 1427 1821; x_wconf 89' lang='lat' dir='ltr'>metu,</span> 
     </span>
     <span class='ocr_line' id='line_1_17' title="bbox 436 1847 1387 1912; baseline -0.004 -13"><span class='ocrx_word' id='word_1_61' title='bbox 436 1850 549 1899; x_wconf 93' lang='lat' dir='ltr'>Non</span> <span class='ocrx_word' id='word_1_62' title='bbox 573 1850 738 1899; x_wconf 88' lang='lat' dir='ltr'>mortis</span> <span class='ocrx_word' id='word_1_63' title='bbox 760 1849 944 1911; x_wconf 84' lang='lat' dir='ltr'>laqueis</span> <span class='ocrx_word' id='word_1_64' title='bbox 968 1847 1197 1911; x_wconf 85' lang='lat' dir='ltr'>expedies</span> <span class='ocrx_word' id='word_1_65' title='bbox 1228 1857 1387 1912; x_wconf 89' lang='lat' dir='ltr'>caput.</span> 
     </span>
     <span class='ocr_line' id='line_1_18' title="bbox 700 1931 1439 1996; baseline -0.004 -14"><span class='ocrx_word' id='word_1_66' title='bbox 700 1933 1012 1996; x_wconf 83' lang='lat' dir='ltr'>Campestres</span> <span class='ocrx_word' id='word_1_67' title='bbox 1035 1931 1208 1979; x_wconf 73' lang='lat' dir='ltr'>melius</span> <span class='ocrx_word' id='word_1_68' title='bbox 1229 1932 1439 1995; x_wconf 78' lang='lat' dir='ltr'>Scythae,</span> 
     </span>
     <span class='ocr_line' id='line_1_19' title="bbox 435 2015 1601 2082; baseline -0.005 -12"><span class='ocrx_word' id='word_1_69' title='bbox 435 2019 660 2072; x_wconf 77' lang='lat' dir='ltr'>Quorum</span> <span class='ocrx_word' id='word_1_70' title='bbox 682 2018 895 2082; x_wconf 83' lang='lat' dir='ltr'>plaustra</span> <span class='ocrx_word' id='word_1_71' title='bbox 917 2033 1062 2082; x_wconf 84' lang='lat' dir='ltr'>vagas</span> <span class='ocrx_word' id='word_1_72' title='bbox 1085 2015 1176 2064; x_wconf 72' lang='lat' dir='ltr'>rite</span> <span class='ocrx_word' id='word_1_73' title='bbox 1201 2017 1398 2065; x_wconf 91' lang='lat' dir='ltr'>trahunt</span> <span class='ocrx_word' id='word_1_74' title='bbox 1421 2016 1601 2073; x_wconf 85' lang='lat' dir='ltr'>domos,</span> 
     </span>
     <span class='ocr_line' id='line_1_20' title="bbox 703 2101 1339 2165; baseline -0.005 -14"><span class='ocrx_word' id='word_1_75' title='bbox 703 2103 904 2160; x_wconf 78' lang='lat' dir='ltr'>Vivum,</span> <span class='ocrx_word' id='word_1_76' title='bbox 930 2111 979 2150; x_wconf 86' lang='lat' dir='ltr'>et</span> <span class='ocrx_word' id='word_1_77' title='bbox 1001 2101 1143 2165; x_wconf 83' lang='lat' dir='ltr'>rigidi</span> <span class='ocrx_word' id='word_1_78' title='bbox 1169 2102 1339 2159; x_wconf 85' lang='lat' dir='ltr'>Getae3</span> 
     </span>
     <span class='ocr_line' id='line_1_21' title="bbox 440 2186 1284 2252; baseline -0.005 -16"><span class='ocrx_word' id='word_1_79' title='bbox 440 2189 698 2238; x_wconf 86' lang='lat' dir='ltr'>Immetata</span> <span class='ocrx_word' id='word_1_80' title='bbox 720 2188 894 2252; x_wconf 90' lang='lat' dir='ltr'>quibus</span> <span class='ocrx_word' id='word_1_81' title='bbox 914 2188 1085 2251; x_wconf 82' lang='lat' dir='ltr'>jugera</span> <span class='ocrx_word' id='word_1_82' title='bbox 1108 2186 1284 2233; x_wconf 87' lang='lat' dir='ltr'>liberas</span> 
     </span>
     <span class='ocr_line' id='line_1_22' title="bbox 706 2271 1416 2337; baseline -0.004 -16"><span class='ocrx_word' id='word_1_83' title='bbox 706 2273 895 2337; x_wconf 82' lang='lat' dir='ltr'>Fruges</span> <span class='ocrx_word' id='word_1_84' title='bbox 919 2281 967 2320; x_wconf 89' lang='lat' dir='ltr'>et</span> <span class='ocrx_word' id='word_1_85' title='bbox 991 2271 1218 2320; x_wconf 86' lang='lat' dir='ltr'>Cererem</span> <span class='ocrx_word' id='word_1_86' title='bbox 1244 2271 1416 2330; x_wconf 87' lang='lat' dir='ltr'>ferunt,</span> 
     </span>
     <span class='ocr_line' id='line_1_23' title="bbox 442 2355 1374 2421; baseline -0.006 -14"><span class='ocrx_word' id='word_1_87' title='bbox 442 2359 551 2406; x_wconf 94' lang='lat' dir='ltr'>Nec</span> <span class='ocrx_word' id='word_1_88' title='bbox 575 2359 765 2406; x_wconf 89' lang='lat' dir='ltr'>cultura</span> <span class='ocrx_word' id='word_1_89' title='bbox 787 2358 947 2421; x_wconf 90' lang='lat' dir='ltr'>placet</span> <span class='ocrx_word' id='word_1_90' title='bbox 969 2355 1156 2420; x_wconf 81' lang='lat' dir='ltr'>longior</span> <span class='ocrx_word' id='word_1_91' title='bbox 1180 2356 1374 2412; x_wconf 68' lang='lat' dir='ltr'>annua3</span> 
     </span>
     <span class='ocr_line' id='line_1_24' title="bbox 693 2440 1365 2504; baseline -0.007 -13"><span class='ocrx_word' id='word_1_92' title='bbox 693 2442 1100 2504; x_wconf 23' lang='lat' dir='ltr'>“Defunctumque</span> <span class='ocrx_word' id='word_1_93' title='bbox 1124 2440 1365 2488; x_wconf 85' lang='lat' dir='ltr'>laboribus</span> 
     </span>
     <span class='ocr_line' id='line_1_25' title="bbox 448 2525 1256 2589; baseline -0.005 -15"><span class='ocrx_word' id='word_1_94' title='bbox 448 2527 640 2589; x_wconf 91' lang='lat' dir='ltr'>AEquali</span> <span class='ocrx_word' id='word_1_95' title='bbox 664 2535 851 2574; x_wconf 88' lang='lat' dir='ltr'>recreat</span> <span class='ocrx_word' id='word_1_96' title='bbox 875 2535 1000 2573; x_wconf 84' lang='lat' dir='ltr'>sorte</span> <span class='ocrx_word' id='word_1_97' title='bbox 1024 2525 1256 2577; x_wconf 68' lang='lat' dir='ltr'>vicarius„</span> 
     </span>
     <span class='ocr_line' id='line_1_26' title="bbox 710 2608 1300 2658; baseline -0.005 -1"><span class='ocrx_word' id='word_1_98' title='bbox 710 2611 820 2658; x_wconf 90' lang='lat' dir='ltr'>Illic</span> <span class='ocrx_word' id='word_1_99' title='bbox 845 2618 999 2656; x_wconf 86' lang='lat' dir='ltr'>matre</span> <span class='ocrx_word' id='word_1_100' title='bbox 1024 2608 1300 2656; x_wconf 86' lang='lat' dir='ltr'>carentibus</span> 
     </span>
     <span class='ocr_line' id='line_1_27' title="bbox 451 2692 1434 2758; baseline -0.005 -16"><span class='ocrx_word' id='word_1_101' title='bbox 451 2694 689 2758; x_wconf 85' lang='lat' dir='ltr'>Privignis</span> <span class='ocrx_word' id='word_1_102' title='bbox 713 2694 884 2741; x_wconf 87' lang='lat' dir='ltr'>mulier</span> <span class='ocrx_word' id='word_1_103' title='bbox 908 2701 1142 2755; x_wconf 86' lang='lat' dir='ltr'>temperat</span> <span class='ocrx_word' id='word_1_104' title='bbox 1166 2692 1400 2738; x_wconf 88' lang='lat' dir='ltr'>innocens</span> <span class='ocrx_word' id='word_1_105' title='bbox 1420 2708 1434 2747; x_wconf 74' lang='grc' dir='ltr'><strong>ς</strong></span> 
     </span>
     <span class='ocr_line' id='line_1_28' title="bbox 710 2776 1327 2840; baseline -0.008 -14"><span class='ocrx_word' id='word_1_106' title='bbox 710 2778 819 2826; x_wconf 88' lang='lat' dir='ltr'>Nec</span> <span class='ocrx_word' id='word_1_107' title='bbox 844 2779 1005 2825; x_wconf 87' lang='lat' dir='ltr'>dotata</span> <span class='ocrx_word' id='word_1_108' title='bbox 1027 2776 1151 2840; x_wconf 83' lang='lat' dir='ltr'>regit</span> <span class='ocrx_word' id='word_1_109' title='bbox 1175 2776 1327 2822; x_wconf 91' lang='lat' dir='ltr'>virum</span> 
     </span>
     <span class='ocr_line' id='line_1_29' title="bbox 447 2861 1352 2927; baseline -0.004 -17"><span class='ocrx_word' id='word_1_110' title='bbox 447 2863 653 2927; x_wconf 87' lang='lat' dir='ltr'>Conjux,</span> <span class='ocrx_word' id='word_1_111' title='bbox 679 2879 770 2911; x_wconf 88' lang='lat' dir='ltr'>nec</span> <span class='ocrx_word' id='word_1_112' title='bbox 795 2863 947 2910; x_wconf 89' lang='lat' dir='ltr'>nitido</span> <span class='ocrx_word' id='word_1_113' title='bbox 971 2862 1075 2909; x_wconf 89' lang='lat' dir='ltr'>fidit</span> <span class='ocrx_word' id='word_1_114' title='bbox 1099 2861 1314 2908; x_wconf 86' lang='lat' dir='ltr'>adultero</span> <span class='ocrx_word' id='word_1_115' title='bbox 1335 2877 1352 2913; x_wconf 74' lang='grc' dir='ltr'>εΔ</span> 
     </span>
     <span class='ocr_line' id='line_1_30' title="bbox 711 2943 1406 3009; baseline -0.006 -15"><span class='ocrx_word' id='word_1_116' title='bbox 711 2947 813 2994; x_wconf 92' lang='lat' dir='ltr'>Dos</span> <span class='ocrx_word' id='word_1_117' title='bbox 837 2955 911 2994; x_wconf 88' lang='lat' dir='ltr'>est</span> <span class='ocrx_word' id='word_1_118' title='bbox 935 2962 1114 3009; x_wconf 85' lang='lat' dir='ltr'>magna</span> <span class='ocrx_word' id='word_1_119' title='bbox 1136 2943 1406 3008; x_wconf 87' lang='lat' dir='ltr'>parentium</span> 
     </span>
     <span class='ocr_line' id='line_1_31' title="bbox 448 3027 1287 3090; baseline -0.004 -12"><span class='ocrx_word' id='word_1_120' title='bbox 448 3031 629 3090; x_wconf 83' lang='lat' dir='ltr'>Virtus,</span> <span class='ocrx_word' id='word_1_121' title='bbox 655 3039 704 3079; x_wconf 92' lang='lat' dir='ltr'>et</span> <span class='ocrx_word' id='word_1_122' title='bbox 727 3039 948 3079; x_wconf 89' lang='lat' dir='ltr'>metuens</span> <span class='ocrx_word' id='word_1_123' title='bbox 973 3030 1168 3078; x_wconf 85' lang='lat' dir='ltr'>alterius</span> <span class='ocrx_word' id='word_1_124' title='bbox 1199 3027 1287 3076; x_wconf 85' lang='lat' dir='ltr'>viri</span> 
     </span>
    </p>
   </div>
   <div class='ocr_carea' id='block_1_7' title="bbox 1707 568 1774 614">
    <p class='ocr_par' dir='ltr' id='par_1_9' title="bbox 1707 568 1774 614">
     <span class='ocr_line' id='line_1_32' title="bbox 1707 568 1774 614; baseline 0 0"><span class='ocrx_word' id='word_1_125' title='bbox 1707 568 1774 614; x_wconf 76' lang='lat'>20</span> 
     </span>
    </p>
   </div>
   <div class='ocr_carea' id='block_1_8' title="bbox 1725 2017 1785 2064">
    <p class='ocr_par' dir='ltr' id='par_1_10' title="bbox 1725 2017 1785 2064">
     <span class='ocr_line' id='line_1_33' title="bbox 1725 2017 1785 2064; baseline -0.017 0"><span class='ocrx_word' id='word_1_126' title='bbox 1725 2017 1785 2064; x_wconf 88' lang='lat'>10</span> 
     </span>
    </p>
   </div>
   <div class='ocr_carea' id='block_1_9' title="bbox 1728 2438 1797 2487">
    <p class='ocr_par' dir='ltr' id='par_1_11' title="bbox 1728 2438 1797 2487">
     <span class='ocr_line' id='line_1_34' title="bbox 1728 2438 1797 2487; baseline 0.043 -4"><span class='ocrx_word' id='word_1_127' title='bbox 1728 2438 1797 2487; x_wconf 83' lang='grc'>15,</span> 
     </span>
    </p>
   </div>
   <div class='ocr_carea' id='block_1_10' title="bbox 1729 2859 1797 2905">
    <p class='ocr_par' dir='ltr' id='par_1_12' title="bbox 1729 2859 1797 2905">
     <span class='ocr_line' id='line_1_35' title="bbox 1729 2859 1797 2905; baseline 0 0"><span class='ocrx_word' id='word_1_128' title='bbox 1729 2859 1797 2905; x_wconf 75' lang='lat'>20</span> 
     </span>
    </p>
   </div>
  </div>
 </body>
</html>
