1894 3188
201 126 301 175 144
731 122 782 169 Q.
812 121 1053 162 HORATII
1082 121 1289 163 FLACCI

802 300 1069 349 SATIRA
1106 301 1197 350 IX.

261 418 396 467 IBAM
421 418 544 467 forte
569 420 643 467 via
670 419 834 476 Sacra,
861 420 987 468 sicut
1011 437 1145 468 meus
1170 430 1243 468 est
1267 438 1385 479 mos,

262 503 445 551 Nescio
467 504 581 567 quid
606 504 1119 568 meditansnugarum,
1145 514 1272 553 totus
1297 506 1345 553 in
1373 507 1465 554 illis
1487 523 1498 552 :

259 588 490 636 Accurrit
512 589 707 651 quidam
733 590 1013 637 notus'mihi
1037 591 1233 638 nomine
1258 591 1478 649 tantum3

261 672 559 737 Arreptaque
585 690 730 721 manu
752 691 762 720 z
802 681 831 703 “
848 673 985 724 Quid
1010 675 1125 737 agiS,
1147 675 1440 731 dulcissime,
1466 691 1625 723 rerum
1648 678 1666 722 ’ἔ
1686 676 1714 698 ”

260 765 294 788 “
314 758 549 817 Suaviter,
575 766 628 805 ut
650 774 782 806 nunc
805 758 928 814 est,’'
965 758 1159 820 inquam
1179 776 1190 818 ;
1230 768 1260 788 “
1281 768 1330 807 et
1349 761 1489 822 cupio
1512 760 1676 808 omnia
1697 776 1803 824 quae

390 842 511 890 vis.''
532 864 540 902 2⁴
1773 847 1807 893 5

259 924 430 977 Quum
455 912 787 983 assectaretur,
816 932 842 953 “
859 926 992 975 Num
1017 927 1129 990 quid
1157 927 1256 974 vis.
1241 929 1259 961 ‘²
1278 928 1307 949 '⁹
1343 944 1542 991 occupo.
1616 929 1685 976 At
1708 929 1802 988 ille,

260 1017 293 1040 “
313 1009 463 1058 Notis
487 1011 609 1067 nos,’
615 1011 832 1080 ’inquit;
871 1019 901 1040 “
919 1011 1048 1058 docti
1073 1028 1251 1058 sumus.
1258 1012 1284 1033 ’'
1357 1012 1456 1059 Hic
1473 1029 1577 1077 ego,
1601 1017 1628 1038 “
1646 1013 1803 1061 Pluris

260 1090 386 1165 Hoc,
392 1093 419 1114 '’
446 1092 655 1155 inquam,
684 1098 711 1118 “
732 1086 861 1139 inihi
874 1092 982 1140 eris.
989 1093 1015 1114 ’³
1088 1091 1268 1139 Misere
1295 1094 1544 1141 discedere
1568 1110 1803 1157 quaerenS‚
1835 1100 1839 1105 ’

258 1175 339 1224 Ire
363 1176 505 1224 modo
529 1177 679 1236 ocius,
706 1177 947 1224 interdum
973 1177 1251 1236 consistere,
1280 1178 1329 1224 in
1356 1194 1518 1225 aurem

258 1259 435 1309 Dicere
459 1261 624 1308 nescio
648 1260 760 1323 quid
785 1278 946 1324 puero.
1015 1261 1185 1312 Quum
1211 1262 1353 1308 sudor
1379 1262 1437 1308 ad
1463 1262 1588 1309 imos
1746 1263 1806 1309 10

258 1344 482 1393 Manaret
504 1346 656 1393 talos.
694 1351 721 1372 “
739 1346 784 1393 O
809 1355 870 1402 te,
897 1346 1095 1402 Bolane,
1121 1346 1305 1393 cerebri

258 1429 503 1497 Felicem!
526 1431 556 1452 '’
593 1430 779 1478 aiebam
804 1431 1019 1478 tacitus.
1063 1431 1232 1481 Quum
1259 1431 1491 1493 quidlibet
1515 1431 1594 1478 ille

163 1551 166 1558 ,
234 1508 486 1573 ''Garriret,
513 1515 657 1570 vicos,
680 1515 851 1567 urbem
878 1515 1127 1571 laudalet3
1166 1523 1219 1560 ut
1243 1515 1310 1560 illi

258 1597 344 1646 Nil
368 1599 746 1661 respondebam:
786 1596 1017 1644 “Misere
1044 1598 1229 1669 cupisss'
1256 1598 1424 1659 inquit,
1454 1606 1483 1627 “
1507 1599 1652 1658 abire,

257 1682 552 1730 Jamdudum
576 1682 742 1728 video:
781 1682 864 1727 sed
889 1681 956 1727 nil
983 1680 1118 1744 agis3
1156 1697 1304 1742 usque
1330 1682 1520 1738 tenebo,
1741 1683 1806 1729 15

256 1765 536 1829 Persequar.
576 1766 707 1813 Hinc
723 1763 816 1827 quo
836 1781 968 1812 nunc
985 1765 1074 1811 iter
1093 1755 1165 1811 est
1184 1765 1270 1811 tibi
1289 1767 1305 1810 ἵ
1325 1766 1351 1786 ”
1381 1773 1410 1794 “
1429 1765 1511 1812 Nil
1531 1782 1650 1828 opus
1665 1774 1738 1814 est
1756 1774 1803 1812 te

256 1850 563 1913 Circumagi:
601 1850 839 1912 quendam
865 1849 970 1896 volo
995 1849 1162 1907 visere,
1189 1865 1285 1896 non
1309 1849 1396 1895 tibi
1420 1858 1587 1896 notum
1608 1866 1620 1895 t

255 1935 416 1984 Trans
440 1935 659 1982 Tiberim
684 1934 827 1997 longe
854 1935 999 1981 cubat
1023 1934 1077 1993 is,
1104 1949 1249 1996 prope
1275 1933 1483 1981 Caesaris
1513 1934 1719 1982 hortos.’'

257 2026 288 2049 “
308 2019 393 2067 Nil
419 2019 572 2066 habeo
612 2019 739 2081 quod
781 2034 935 2082 agam,
962 2026 1010 2065 et
1051 2034 1148 2065 non
1187 2034 1292 2064 sum
1334 2018 1468 2080 piger
1488 2035 1500 2077 ;
1553 2034 1704 2081 usque
1729 2034 1800 2066 se·-

385 2120 500 2166 quar
520 2103 617 2150 te.”

253 2188 467 2237 Demitto
492 2187 746 2243 auriculaS,
771 2195 825 2234 ut
849 2172 1024 2249 iniquae
1049 2185 1225 2233 mentis
1251 2186 1441 2242 asellus,
1737 2187 1803 2235 20

251 2272 422 2324 Quum
446 2271 637 2335 gravius
661 2272 800 2319 dorso
824 2271 970 2318 subiit
992 2287 1129 2318 onus.
1201 2269 1381 2332 Incipit
1404 2270 1517 2317 ille:

255 2365 287 2386 “
308 2357 362 2404 Si
386 2357 509 2403 bene
534 2371 610 2402 me
635 2355 762 2411 novi,
790 2372 886 2403 non
913 2355 1116 2402 Viscum
1141 2354 1290 2417 pluris
1314 2355 1536 2414 amicum,

252 2439 367 2488 Non
391 2440 605 2498 Varium,
627 2439 814 2486 facies·
852 2456 964 2487 nam
988 2439 1093 2502 quis
1118 2455 1195 2486 me
1221 2438 1429 2486 scribere
1456 2439 1618 2501 plures

252 2525 355 2571 Aut
379 2524 521 2571 citius
545 2524 693 2586 possit
717 2540 880 2571 versus
902 2526 920 2569 ¹!
959 2524 1065 2586 quis
1091 2523 1304 2570 membra
1329 2538 1517 2569 movere

253 2606 450 2655 Mollius
471 2610 488 2653 Τ
527 2608 738 2665 invideat
761 2608 887 2670 quod
912 2613 960 2654 e't
985 2608 1338 2670 Hermogenes,
1366 2623 1456 2670 ego
1476 2607 1665 2655 canto.”
1734 2608 1800 2655 25

318 2691 662 2754 Interpellandi
688 2692 821 2739 locus
847 2691 927 2739 hic
951 2700 1080 2739 erat:
1120 2697 1146 2717 “
1165 2691 1253 2738 Est
1277 2690 1362 2737 tibi
1388 2699 1553 2748 mater,

252 2775 476 2839 Cognati,
513 2776 647 2838 queis
683 2785 730 2823 te
766 2776 895 2824 salvo
931 2784 1004 2823 est
1045 2792 1164 2839 opus
1185 2777 1203 2820 ’ἒ
1226 2775 1253 2797 ”
1294 2775 1488 2822 “Haud
1523 2774 1640 2822 mihi
1675 2776 1803 2838 quis—

382 2875 552 2920 quam3
593 2887 603 2897 κ

249 2941 435 2990 Omnes
460 2942 755 3005 composui.’'
829 2951 859 2973 ‘⁶
877 2943 1069 2991 Felices
1090 2942 1100 2990 !
1139 2959 1270 2991 nunc
1294 2958 1384 3005 ego
1407 2950 1533 2989 resto
1554 2959 1564 2989 :

249 3026 450 3075 Confice
471 3044 483 3085 ;
521 3043 729 3089 namque
755 3026 902 3075 instat
927 3028 1076 3076 satum
1100 3028 1218 3075 mihi
1243 3027 1392 3086 triste,
1420 3025 1611 3074 Sabella
