1894 3188
659 113 711 159 Q.
739 112 978 152 HORATII
1007 111 1211 151 FLACCI

401 239 489 288 Est
509 238 590 302 qui
613 255 704 286 neo
727 239 898 286 veteris
920 238 1091 301 poeula
1119 237 1333 294 Massici,

399 323 508 371 Nec
529 331 709 386 partem
734 323 881 370 solido
899 323 1088 369 demere
1113 323 1171 369 de
1191 322 1267 370 die
1480 380 1484 381 ⁷

399 407 604 472 Spernit,
629 423 760 454 nuno
784 406 920 453 viridi
940 406 1151 452 membra
1173 405 1261 452 sub
1280 405 1445 452 arbuto

399 492 602 547 Stratus,
628 507 758 538 nunc
783 491 841 537 ad
866 506 996 552 aquae
1019 491 1293 552 leneoaput
1316 504 1475 537 sacrae.

398 573 578 623 Multos
603 584 756 622 castra
775 575 956 638 juvant,
983 583 1030 621 et
1054 575 1170 621 lituo
1193 574 1318 620 tubae

395 659 664 706 Permixtus
687 659 885 715 sonitUS,
911 659 1126 720 bellaque
1150 658 1377 706 matribus

396 743 655 791 Detestata.
725 743 893 790 Manet
917 743 1003 790 sub
1023 743 1138 790 Jove
1159 743 1329 806 frigido

396 828 626 884 Venator,
652 836 827 875 tenerae
852 828 1069 891 conjugis
1093 828 1368 884 immemor3

397 912 494 959 Seu
519 911 618 958 visa
639 920 712 958 est
735 912 903 958 catulis
929 928 1068 958 cerva
1099 911 1333 967 fidelibus,

395 995 493 1042 Seu
516 994 642 1058 rupit
664 1003 838 1042 teretes
862 994 1050 1042 Marsus
1075 1011 1183 1057 aper
1206 995 1383 1057 plagas.

393 1079 480 1127 Me
504 1079 748 1127 doctarum
773 1079 926 1125 ederae
950 1079 1142 1140 praemia
1166 1078 1388 1126 frontium

394 1162 483 1210 Dis
507 1163 710 1210 miscent
734 1163 945 1225 superis3
982 1179 1057 1209 me
1082 1162 1291 1225 gelidum
1315 1178 1498 1218 nemus,

395 1246 816 1309 Nympharumque
841 1247 967 1293 leves
992 1263 1101 1292 cum
1127 1245 1306 1308 Satyris
1330 1245 1474 1304 chori,

323 1381 338 1390 Δ,
396 1330 665 1378 Seeernunt
687 1330 885 1392 popu103
924 1330 962 1376 si
987 1345 1139 1390 neque
1163 1329 1302 1376 tibias

394 1413 603 1476 Euterpe
628 1414 832 1469 cohibet,
854 1429 945 1459 neo
969 1412 1280 1475 Polyhymnia

396 1496 832 1559 Lesboum-refugit
854 1497 1050 1543 tendere
1074 1497 1317 1543 barbiton.'

394 1579 544 1632 Qubd
569 1582 607 1628 si
632 1597 707 1627 me
731 1580 892 1643 lyricis
917 1580 1099 1627 vatibus
1124 1579 1320 1635 inseres,

398 1664 602 1712 Sublimi
627 1664 792 1712 feriam
816 1664 971 1711 sidera
994 1663 1183 1711 vertice.

810 2084 948 2132 ODE
983 2085 1049 2131 ΙΙ.

444 2271 445 2274 ¹
590 2234 656 2265 An
692 2234 963 2266 AUGUSTUM
998 2233 1259 2266 CAESAREM.

424 2283 457 2330 ‘Q

242 2235 502 2418 fiAM
527 2350 638 2398 satis
662 2350 798 2398 terris
821 2350 941 2397 nivis
966 2359 1106 2412 atque
1131 2351 1244 2398 dirae

215 2411 244 2472 U
399 2434 657 2483 Grandinis
681 2433 809 2480 misit
832 2433 985 2492 Pater,
1011 2442 1072 2492 et,
1097 2434 1295 2480 rubente

400 2518 610 2566 Dextera
634 2533 792 2564 sacras
811 2516 1050 2579 jaculatus
1070 2533 1219 2575 arces,

691 2600 887 2648 Terruit
911 2601 1075 2648 urbem
1096 2617 1107 2646 ε

400 2686 596 2734 Terruit
619 2693 802 2748 gentes,
828 2701 969 2748 grave
993 2701 1053 2732 ne
1077 2685 1251 2732 rediret

404 2769 644 2818 Saeculum
668 2769 874 2831 Pyrrhae,
894 2785 1016 2816 nova
1038 2778 1247 2816 monstra
1269 2778 1444 2832 questae
1464 2787 1474 2828 ;

402 2854 560 2903 Omne
583 2871 727 2917 quum
752 2854 948 2901 Proteus
971 2870 1118 2916 pecus
1141 2853 1239 2918 egit
1260 2854 1377 2902 altos

692 2938 862 2987 Visere
884 2947 1067 2986 montes
1087 2956 1100 2999 ;

1655 322 1721 369 20

1653 742 1717 789 25

1655 1162 1719 1208 30

1656 1580 1718 1626 35
