1894 3188
705 74 755 121 Q.
784 73 1022 116 HORATII
1049 73 1255 114 FLACCI

304 201 478 250 Aerias
501 200 713 249 tentasse
737 201 916 260 domOS,
943 200 1194 264 animoque
1218 200 1476 249 rotundum
1745 202 1776 247 5

569 285 867 333 Percurrisse
891 285 1067 348 polum,
1090 285 1319 333 morituro
1340 284 1349 332 !
1370 286 1396 307 ’'

307 376 332 396 “
350 369 546 418 Occidit
568 378 616 417 et
639 369 831 432 Pelopis
854 369 1057 432 genitor,
1079 370 1279 417 conviva
1297 370 1511 425 deorum,

566 454 903 516 Tithonusque
927 463 1136 502 remotus
1160 455 1208 502 in
1235 471 1390 511 aurati,

304 540 367 588 Et
390 539 523 588 Jovis
547 539 738 587 arcanis
763 539 924 586 Minos
949 539 1212 587 admissus:
1251 541 1521 603 habentque

567 623 776 672 Tartara
800 625 1118 680 Panthoiden,
1146 625 1318 672 iterum
1343 625 1473 673 Orco
1651 617 1654 619 ’
1718 626 1776 671 10

305 706 596 762 Demissum,
623 705 852 768 quamvis,
879 706 1046 769 clypeo
1071 707 1283 769 Trojana
1306 706 1453 754 refixo

567 790 811 853 Tempora
835 800 1049 847 testatus,
1075 791 1194 838 nihil
1219 792 1344 839 ultra

306 875 490 923 Nervos
514 883 653 937 atque
679 883 839 922 cutem
863 875 1002 922 morti
1028 884 1332 923 concesserat
1365 885 1509 932 atrae3

565 959 740 1007 Judice
765 976 859 1016 me,
886 975 982 1007 non
1008 961 1226 1007 sordidus
1251 968 1414 1007 auctor

305 1042 353 1091 N
357 1051 502 1091 aturae
527 1043 734 1107 verique.
805 1044 903 1090 Sed
930 1060 1097 1091 omnes
1121 1060 1218 1091 una
1241 1052 1402 1092 manet
1426 1060 1536 1099 nox,
1716 1045 1775 1090 15

567 1127 631 1177 Et
654 1128 888 1176 calcanda
911 1129 1058 1177 semel
1083 1129 1158 1176 via
1181 1129 1279 1177 leti.

305 1211 436 1261 Dant
458 1213 575 1262 alios
598 1213 758 1261 Furiae
783 1222 915 1262 torvo
939 1214 1214 1277 spectacula
1238 1213 1413 1262 Marti:

567 1298 728 1346 Exitio
751 1306 823 1346 est
846 1299 1036 1345 avidum
1060 1315 1188 1346 mare
1213 1299 1372 1346 nautis
1395 1316 1405 1346 z

305 1381 459 1432 Mixta
482 1398 652 1431 senum
678 1398 735 1430 ac
754 1383 985 1446 juvenum
1010 1384 1270 1431 densentur
1290 1383 1488 1442 funera;
1526 1384 1707 1434 nullum

576 1466 714 1518 Sfflva
733 1475 875 1529 caput
899 1467 1182 1530 Proserpina
1206 1468 1340 1531 fugit.
1712 1470 1776 1516 20

307 1549 391 1600 Me
413 1566 600 1615 quoque
624 1550 791 1599 devexi
815 1551 1007 1613 rapidus
1032 1568 1193 1599 comes
1217 1551 1412 1600 Orionis

567 1634 774 1698 Illyricis
798 1634 956 1683 Notus
978 1636 1136 1683 obruit
1159 1637 1314 1684 undis.

307 1720 375 1768 At
398 1728 464 1780 tu,
489 1728 650 1776 nauta,
677 1736 809 1784 vagae
833 1737 894 1768 ne
917 1737 1060 1784 parce
1084 1722 1322 1784 malignus
1345 1738 1502 1771 arenae

567 1804 772 1853 Ossibus
797 1815 844 1854 et
868 1806 1011 1870 capiti
1038 1806 1286 1854 inhumato

307 1888 595 1938 Particulam
615 1889 754 1938 dare:
779 1890 864 1947 sic,
882 1893 1199 1955 quodcunque
1219 1892 1475 1940 minabitur
1491 1892 1649 1940 Eurus
1710 1894 1775 1940 25

568 1975 821 2024 Fluctibus
846 1977 1108 2040 Hesperiis,
1136 1977 1399 2025 Venusinae

308 2059 585 2108 Plectantur
609 2060 756 2118 silvae,
782 2069 828 2108 te
853 2062 1026 2124 sospite
1048 2079 1060 2119 3
1098 2062 1338 2124 multaque
1362 2078 1562 2121 merceS,
1628 2051 1631 2052 ⁷

566 2144 707 2193 Unde
731 2153 898 2209 potest,
925 2146 1011 2193 tibi
1036 2147 1213 2194 defluat
1238 2163 1372 2209 aequo

311 2230 391 2278 Ab
415 2230 550 2286 Jove,
570 2229 892 2293 Neptunoque
918 2231 1043 2278 sacri
1068 2232 1265 2278 custode
1290 2231 1491 2279 Tarenti
1515 2230 1523 2276 !

571 2308 793 2379 Negligis
818 2316 1066 2363 immeritis
1089 2316 1356 2364 nocituram
1713 2316 1777 2361 30

306 2399 561 2451 Postmodo
584 2411 631 2450 te
655 2402 780 2449 natis
805 2401 1019 2448 fraudem
1043 2401 1339 2449 committere
1360 2402 1379 2445 ’ἒ
1416 2398 1536 2447 Fors
1558 2408 1605 2445 et

564 2486 741 2534 Debita
760 2486 868 2548 jura
891 2485 1111 2546 vicesque
1137 2484 1352 2546 superbae

309 2569 387 2617 Te
411 2578 638 2617 maneant
662 2570 816 2632 ipsum
839 2585 849 2615 z
885 2568 1107 2630 precibus
1133 2584 1227 2615 non
1251 2568 1436 2630 linquar
1460 2567 1624 2615 inultis
1646 2584 1659 2623 ς

1671 1253 1710 1282 μ’.

586 2654 755 2716 Teque
779 2652 985 2716 piaculal
1012 2652 1126 2700 luna
1149 2652 1399 2701 resolvent.

308 2742 602 2804 Quanquam
626 2737 836 2796 festinas,
862 2753 958 2784 non
983 2745 1054 2783 est
1078 2752 1210 2783 mora
1232 2736 1401 2800 longa;
1438 2736 1601 2784 licebit
1712 2736 1778 2781 35

568 2822 757 2887 Injecto
780 2830 852 2869 ter
875 2822 1068 2886 pulvere
1093 2820 1304 2869 curras.”
