1894 3188
190 108 290 160 196
713 105 766 153 Q.
795 104 1044 145 HORATII
1071 104 1280 146 FLACCI

251 232 487 296 Suspice;
523 249 636 281 cum
659 232 864 297 gemmis
888 232 1065 295 Tyrios
1089 232 1263 280 mirare
1287 233 1469 282 colores
1491 249 1501 281 :

249 318 421 366 Gaude
444 316 569 381 quod
596 325 819 381 spectant
841 317 971 366 oculi
995 325 1042 365 te
1067 317 1197 365 mille
1230 318 1503 380 loquentem
1523 333 1536 366 ι

247 396 615 450 (ἰηεινυέῐῃαηό
641 403 797 451 forum
821 411 870 450 et
893 403 1195 466 vespertinus
1217 411 1326 466 pete
1351 411 1533 452 tectum
1553 419 1568 460 3
1732 403 1798 451 20

246 485 327 534 Ne
349 488 457 550 plus
482 487 708 535 frumenti
732 488 975 535 dotalibus
998 496 1175 535 emetat
1207 488 1336 552 agris

246 569 450 630 Mutus3
487 581 551 630 et,
577 572 846 636 indignum,
873 571 1001 636 quod
1027 572 1088 620 sit
1110 572 1353 636 pejoribus
1376 580 1522 632 ortUS,

245 654 345 703 Hic
368 656 455 704 tibi
479 656 541 704 sit
563 654 889 720 potiusquam
913 666 966 705 tu
990 657 1223 704 mirabilis
1246 657 1330 704 illi.

243 738 498 803 Quidquid
523 742 612 789 sub
635 744 761 790 terra
786 750 874 798 est,
901 742 951 789 in
977 742 1195 805 apricum
1218 741 1429 805 proferet
1453 749 1567 788 aetas
1586 757 1598 799 3

243 823 470 873 Defodiet
493 826 764 889 condetque
789 826 1009 874 nitentia.
1078 824 1250 877 Quum
1274 826 1398 873 bene
1426 834 1594 873 notum
1725 824 1792 871 25

242 908 463 957 Porticus
487 911 716 974 Agrippae
742 920 790 958 et
814 911 890 958 via
913 919 960 958 te
985 910 1290 973 conspexerit
1313 910 1460 973 Appi,

242 992 322 1041 Ire
345 1003 510 1042 tamen
535 1004 683 1043 restat
706 995 875 1044 Numa
898 994 992 1059 quo
1017 996 1211 1043 devenit
1233 1004 1282 1043 et
1306 996 1491 1043 Ancus.

241 1078 297 1125 Si
319 1078 444 1126 latus
469 1087 551 1126 aut
573 1096 714 1127 renes
740 1082 904 1128 morbo
928 1089 1174 1128 tentantur
1199 1089 1356 1137 acuto,

238 1162 421 1215 Quaere
447 1163 609 1227 fugam
634 1165 802 1212 morbi.
873 1165 962 1212 Vis
986 1163 1119 1212 recte
1144 1165 1341 1212 vivere?
1375 1163 1481 1227 quis
1505 1163 1638 1211 non?

239 1248 294 1296 Si
318 1249 466 1296 virtus
491 1250 584 1297 hoc
608 1266 706 1297 una
728 1258 884 1313 potest
908 1251 1042 1307 dare,
1069 1250 1204 1297 fortis
1225 1249 1414 1297 omissis
1721 1245 1789 1293 30

238 1332 350 1381 Hoc
374 1350 463 1398 age
487 1335 689 1382 deliciis.
760 1335 1002 1384 Virtutem
1027 1322 1172 1383 verba
1194 1343 1349 1398 putes,
1374 1341 1428 1381 ut

239 1417 429 1466 Lucum
453 1419 623 1482 ligna'!
662 1436 779 1467 cave
803 1436 865 1467 ne
889 1429 1055 1483 portus
1077 1431 1286 1483 occupet
1310 1419 1444 1475 alter,

238 1501 318 1549 Ne
345 1500 726 1565 Cibyratica5ne
751 1502 963 1563 Bithyna
985 1502 1182 1565 negotia
1203 1502 1391 1563 perdas.

237 1585 375 1634 Mille
399 1586 581 1633 talenta·
603 1585 939 1638 rotundentur,
964 1585 1164 1630 totidem
1190 1584 1370 1640 alterat,
1406 1582 1546 1646 porro
1571 1592 1619 1631 et
1666 1614 1671 1621 ·

237 1670 410 1718 Tertia
433 1668 712 1727 succedant,
738 1675 786 1714 et
809 1682 915 1729 quae
933 1683 1042 1729 pars
1061 1667 1261 1728 quadret
1281 1683 1520 1714 acervum.
1720 1666 1786 1715 35

237 1755 440 1802 Scilicet
463 1768 666 1802 uxorem
690 1768 803 1799 cum
827 1752 952 1810 dote,
978 1751 1232 1813 fidemque,
1259 1760 1307 1799 et
1332 1752 1530 1811 amicos,

236 1839 301 1887 Et
324 1855 492 1903 genus,
519 1847 567 1886 et
592 1837 810 1892 formam,
835 1836 1006 1899 regina
1027 1836 1237 1899 pecunia
1259 1837 1432 1884 donat:

237 1925 316 1972 Ac
340 1924 463 1972 bene
488 1931 791 1970 nummatum
816 1922 1014 1968 decorat
1039 1921 1250 1968 Suadela
1273 1921 1550 1983 Venusque.

235 2008 497 2072 Mancipiis
521 2007 735 2069 locuples
760 2014 870 2069 eget
894 2005 1000 2052 aeris
1025 2004 1370 2068 Cappadocum
1402 2021 1517 2052 rex:

234 2092 314 2140 Ne
339 2093 485 2140 fueris
510 2092 591 2139 hic
614 2099 681 2138 tu.
752 2090 1044 2152 Chlamydes
1063 2089 1312 2146 Lucullus,
1337 2098 1389 2137 ut
1413 2089 1562 2144 aiunt,
1715 2087 1780 2134 40

234 2178 288 2225 Si
312 2186 472 2240 posset
496 2185 693 2224 centum
718 2191 876 2222 scenae
900 2174 1112 2237 praebere
1136 2182 1346 2237 rogatus,

235 2261 392 2313 “Qui
432 2277 627 2324 possum
662 2261 764 2308 tot'?
786 2261 812 2282 ’²
852 2259 945 2306 ait:
984 2267 1193 2305 “tamen
1233 2266 1283 2306 et
1322 2273 1546 2320 quaeram,
1584 2265 1632 2304 et
1667 2264 1779 2319 quot

366 2346 553 2393 habebo

235 2429 475 2478 Mittam.’'
545 2427 663 2476 Post
684 2426 825 2491 paulo
850 2426 1016 2475 scribit
1039 2426 1129 2474 sibi
1154 2426 1303 2474 millia
1326 2426 1533 2489 quinque

233 2514 354 2562 Esse
379 2514 506 2561 domi
531 2513 873 2575 chlamydum3
909 2519 1109 2574 partem,
1138 2510 1207 2557 vel
1232 2510 1418 2558 tolleret
1441 2524 1622 2557 omnes.

232 2599 386 2647 Exilis
410 2600 578 2646 domus
602 2606 688 2656 est,
715 2597 796 2643 ubi
821 2612 917 2643 non
942 2603 990 2643 et
1013 2595 1165 2642 multa
1190 2602 1460 2657 supersunt,
1710 2591 1774 2639 45

232 2682 297 2730 Et
320 2683 566 2730 dominum
593 2681 776 2740 fallunt,
802 2688 851 2727 et
873 2688 1072 2743 prosunt
1097 2679 1296 2726 furibus.
1366 2678 1511 2741 Ergo,

233 2767 287 2814 Si
312 2783 387 2814 res
412 2768 511 2814 sola
534 2774 689 2829 potest
714 2766 872 2812 facere
897 2773 945 2811 et
969 2774 1157 2810 servare
1182 2763 1392 2818 beatum,

232 2850 343 2898 Hoc
366 2851 547 2912 primus
571 2858 759 2913 repetas
783 2865 915 2912 opus,
943 2848 1035 2895 hoc
1061 2855 1328 2910 postremus
1350 2846 1555 2894 omittas.

232 2935 286 2982 Si
311 2935 602 2981 fortunatum
628 2934 814 2997 species
838 2941 886 2980 et
909 2932 1062 2995 gratia
1085 2938 1292 2993 praestat,

232 3017 507 3067 Mercemur
532 3034 720 3066 servum
745 3017 825 3081 qui
850 3017 1000 3064 dictet
1022 3015 1232 3075 nomina,
1258 3015 1428 3062 laevum
1708 3009 1773 3057 50
