1894 3188
205 75 305 126 194
728 73 780 121 Q.
810 73 1051 114 HORATII
1087 74 1295 117 FLAccl

266 199 331 249 Et
352 200 562 248 mundus
583 199 752 260 victuS‚
778 216 876 248 non
900 201 1156 250 deficiente
1180 203 1444 251 crumena?

330 285 464 333 Inter
489 301 621 348 spem
646 301 922 348 curamque,
949 286 1144 334 timores
1168 287 1292 334 inter
1316 296 1364 334 et
1387 287 1498 345 iras,

262 369 474 419 Omnem
499 370 642 419 crede
662 371 790 417 diem
817 371 903 418 tibi
928 371 1156 419 diluxisse
1181 388 1485 435 supremum:

261 455 411 504 Grata
434 455 753 519 superveniet,
778 472 882 518 quae
907 472 1004 504 non
1037 457 1317 520 sperabitur,
1343 458 1473 504 hora.

329 540 413 588 Me
437 541 666 604 pinguem
693 549 741 587 et
760 540 964 588 nitidum
991 541 1114 588 bene
1139 543 1302 589 curata
1327 550 1437 589 cute
1465 541 1605 599 vises,
1744 544 1807 591 15

262 623 433 677 Quum
457 625 611 673 ridere
636 624 781 682 voleS,
807 624 1006 688 Epicuri
1030 626 1090 673 de
1114 642 1259 690 grege
1282 643 1494 690 porcum.

784 1035 1126 1084 EPISTOLA
1163 1038 1223 1086 V.

785 1186 852 1218 AD
877 1187 1208 1223 TORQUATUM.

258 1307 314 1355 Sr
338 1315 472 1370 potes
497 1306 753 1354 Archiacis
778 1306 978 1353 conviva
1002 1306 1282 1355 recumbere
1318 1303 1471 1363 lectis,

256 1391 367 1440 Nec
391 1392 577 1439 modica
602 1408 793 1438 coenare
818 1392 959 1438 times
982 1392 1087 1439 olus
1111 1407 1252 1438 omne
1283 1392 1473 1454 patella,

259 1477 496 1539 Supremo
514 1485 560 1522 te
585 1476 683 1524 sole
709 1476 853 1531 domi,
881 1476 1140 1537 Torquate,
1169 1476 1388 1522 manebo.

259 1561 389 1608 Vina
412 1560 547 1606 bibes
572 1560 743 1606 iterum
769 1559 934 1605 Tauro
959 1559 1144 1617 diffusa,
1171 1559 1404 1621 palustres

258 1645 392 1694 Inter
417 1644 694 1692 Minturnas
719 1643 1159 1704 Sinuessanumque
1184 1642 1447 1689 Petrinum.
1766 1647 1801 1693 5

259 1730 348 1778 Sin
374 1729 544 1776 melius
568 1728 678 1789 quid
706 1728 868 1786 habes,
895 1743 1100 1785 arcesse,
1127 1726 1200 1772 vel
1226 1726 1478 1790 imperium
1503 1725 1588 1774 fer.

257 1813 554 1861 Iamdudum
579 1811 798 1874 splendet
823 1810 970 1868 focus,
998 1819 1046 1856 et
1069 1809 1156 1856 tibi
1181 1811 1361 1856 munda
1385 1810 1610 1873 supellex.

258 1898 404 1947 Mitte
428 1897 555 1944 leves
580 1912 701 1959 spes,
728 1903 776 1942 et
801 1894 1068 1942 certamina
1091 1893 1379 1950 divitiarum,

258 1983 322 2031 Et
345 1982 538 2031 Moschi
563 1995 786 2028 causam:
824 1995 930 2026 cras
955 1987 1066 2025 nato
1091 1978 1286 2025 Caesare
1311 1977 1459 2025 festus

259 2068 357 2117 Dat
380 2066 567 2114 veniam
592 2079 907 2126 somnumque
932 2063 1064 2120 dies3
1101 2061 1298 2126 impune
1322 2062 1486 2110 licebit
1737 2065 1799 2112 10

261 2151 496 2201 AEstivam
520 2165 738 2197 sermone
763 2148 973 2211 benigno
997 2147 1194 2194 tendere
1219 2155 1425 2194 noctem.

260 2235 379 2288 Quo
404 2234 537 2293 mihi,
566 2233 757 2280 fortuna
781 2232 821 2279 si
845 2248 943 2279 non
967 2231 1248 2278 conceditur
1272 2231 1341 2278 uti
1363 2232 1381 2277 ἵ

262 2321 443 2369 Parcus
466 2319 528 2366 ob
551 2316 753 2364 haeredis
776 2332 941 2364 curam
965 2314 1258 2378 nimiumque
1278 2331 1470 2363 severus

263 2405 460 2453 Assidet
483 2404 668 2451 insano.
739 2401 909 2448 Potare
934 2408 982 2447 et
1005 2415 1226 2463 spargere
1251 2399 1389 2446 flores

263 2489 517 2552 Incipiam,
541 2486 788 2550 patiarque
813 2485 885 2532 vel
911 2484 1209 2532 inconsultus
1233 2483 1412 2531 haberi.
1737 2485 1798 2532 15

264 2574 401 2627 Quid
425 2589 521 2620 non
545 2571 750 2619 ebrietas
769 2570 991 2632 designat
1010 2571 1029 2615 ἲ
1065 2577 1232 2632 operta
1253 2567 1483 2625 recludit;

266 2661 387 2722 Spes
408 2657 541 2721 jubet
563 2671 668 2702 esse
691 2662 819 2701 ratas
840 2670 852 2710 3
889 2654 938 2700 in
962 2652 1130 2716 proelia
1152 2652 1298 2700 trudit
1320 2652 1522 2699 inertem
1541 2667 1557 2709 ς

267 2741 494 2793 Sollicitis
519 2739 690 2787 animis
712 2754 834 2786 onus
857 2737 1023 2784 eximit
1043 2754 1053 2795 ;
1091 2737 1293 2784 addocet
1317 2745 1454 2782 artes.

267 2825 506 2876 Foecundi
529 2823 706 2870 calices
730 2837 872 2884 quem
895 2837 993 2868 non
1018 2819 1176 2867 fecere
1200 2819 1428 2866 disertum
1448 2820 1467 2865 ’ἒ

268 2908 526 2960 Contracta
548 2923 688 2970 quem
713 2921 810 2953 non
833 2905 884 2952 in
908 2912 1183 2967 paupertate
1207 2903 1412 2950 solutum
1433 2903 1452 2948 ’ἔ

334 2994 456 3042 Haec
479 3007 568 3055 ego
591 3005 845 3054 procurare
870 2996 919 3036 et
942 2988 1142 3036 idoneus
1165 2987 1385 3051 imperor,
1410 2995 1459 3034 et
1482 3001 1577 3034 non
