1894 3188
169 107 275 156 224
702 101 753 148 Q.
782 100 1019 141 HORATII
1047 101 1251 141 FLAccl

237 228 344 275 Jam
371 226 555 275 Saliare
581 226 754 274 Numae
779 244 974 274 carmen
997 227 1077 289 qui
1101 228 1275 286 laudat,
1302 235 1350 274 et
1372 227 1490 275 illud

235 312 383 362 Quod
407 328 595 359 mecum
622 312 808 375 ignorat
832 313 959 359 solus
982 312 1080 358 vult
1104 312 1224 359 scire
1250 311 1414 367 videri,

236 396 453 459 Ingeniis
478 414 572 444 non
597 397 674 443 ille
700 397 824 443 favet
846 396 1120 459 plauditque
1145 396 1358 459 sepultis,

236 480 417 528 Nostra
440 482 522 528 sed
547 482 809 543 impugnat,
838 497 924 527 nos
948 489 1200 543 nostraque
1224 480 1395 526 lividus
1418 479 1530 527 odit.

234 563 384 615 Quod
412 565 450 611 si
474 574 570 611 tam
594 565 751 612 Graiis
775 565 957 611 novitas
981 557 1133 610 invisa
1157 564 1321 611 fuisset
1701 563 1765 610 90

236 646 402 698 Quam
428 649 580 704 nobis,
605 649 718 710 quid
742 665 872 695 nunc
896 657 1021 694 esset
1044 656 1178 694 vetus
1199 650 1216 693 Ἰ
1255 655 1335 693 aut
1357 646 1469 709 quid
1494 646 1688 694 haberet

235 731 383 782 Quod
406 733 584 794 legeret
607 742 871 794 tereretque
896 732 1070 778 viritim
1094 731 1314 793 publicus
1337 747 1452 778 usus
1472 732 1491 776 ’ἔ

302 815 366 862 Ut
388 815 589 878 primum
613 817 776 878 positis
799 816 969 878 nugari
994 815 1182 862 Graecia
1206 815 1342 862 bellis

238 899 412 962 Coepit,
439 909 485 947 et
509 901 558 947 in
590 901 754 947 vitium
780 899 968 947 fortuna
991 900 1138 946 labier
1165 901 1309 960 aequfi,

237 983 385 1031 Nunc
410 985 691 1031 athletarum
717 985 898 1043 studiis,
925 999 1056 1030 nunc
1081 983 1193 1029 arsit
1216 999 1477 1044 equorum3
1701 983 1766 1029 95

239 1067 494 1115 Marmoris
518 1077 598 1115 aut
621 1069 776 1116 eboris
802 1069 956 1115 fabros
982 1076 1065 1114 aut
1089 1068 1193 1113 aeris
1219 1067 1391 1113 amavit
1406 1084 1417 1125 3

239 1153 498 1214 Suspendit
521 1153 649 1215 picta
672 1154 853 1199 vultum
878 1160 1180 1213 mentemque
1205 1151 1377 1197 tabella
1397 1167 1411 1207 ς

238 1235 384 1282 Nunc
408 1236 698 1296 tibicinibus,
725 1253 855 1283 nunc
879 1245 950 1283 est
974 1236 1137 1298 gavisa
1160 1235 1384 1298 tragoedis
1406 1251 1416 1279 ε

238 1320 340 1366 Sub
364 1321 549 1367 nutrice
573 1321 731 1383 puella
753 1321 881 1367 velut
905 1320 944 1366 si
968 1321 1154 1366 luderet
1178 1319 1349 1378 infans,

237 1405 385 1454 Quod
411 1405 580 1466 cupide
605 1405 753 1467 petiit,
780 1402 964 1452 mature
989 1404 1131 1466 plena
1155 1403 1358 1464 reliquit.
1672 1399 1764 1447 100

236 1487 373 1538 Quid
397 1488 557 1550 placet
580 1489 791 1534 auffodio
815 1497 900 1546 est,
927 1488 1051 1548 quod
1077 1503 1172 1533 non
1197 1486 1422 1533 mutabile
1447 1485 1614 1533 credas
1635 1486 1654 1529 ’ἔ

241 1571 349 1618 Hoc
372 1587 514 1633 paces
539 1570 747 1616 habuere
771 1572 907 1616 bonae
932 1570 1153 1631 ventique
1174 1570 1389 1616 secundi.v

305 1655 472 1702 Romae
497 1655 636 1700 dulce
661 1654 742 1699 diu
768 1652 854 1698 fuit
878 1664 925 1698 et
949 1652 1158 1699 solemne
1190 1653 1374 1698 reclusa

241 1738 384 1785 Mane
409 1739 547 1785 domo
571 1737 782 1799 vigilare,
808 1736 971 1782 clienti
995 1753 1209 1798 promere
1230 1737 1349 1798 jura,

240 1821 418 1869 Cautos
441 1821 713 1868 nominibus
737 1819 880 1866 rectis
905 1820 1172 1881 expendere
1198 1835 1430 1877 nummos,
1673 1817 1765 1863 105

241 1906 449 1968 Majores
474 1905 652 1960 audire,
678 1904 848 1950 minori
873 1903 1031 1950 dicere
1056 1919 1138 1964 per
1162 1919 1265 1964 quae

241 1989 470 2037 Crescere
494 2005 570 2036 res
592 1996 765 2051 posset,
791 1987 942 2034 minui
968 1988 1195 2034 damnosa
1212 1986 1371 2033 libido.

239 2073 446 2121 Mutavit
468 2080 676 2119 mentem
700 2071 900 2134 populus
923 2071 1052 2130 leviS‚
1079 2079 1127 2117 et
1151 2070 1274 2117 calet
1298 2086 1393 2117 uno

242 2157 493 2205 Scribendi
519 2156 702 2203 studio:
739 2156 964 2218 puerique
988 2163 1240 2217 patresque
1267 2153 1417 2200 severi

239 2242 430 2289 Fronde
455 2257 614 2288 comas
637 2240 784 2286 vincti
808 2247 1001 2285 coenant
1024 2247 1072 2284 et
1096 2237 1309 2284 carmina
1333 2237 1529 2283 dictant.
1670 2236 1765 2282 110

241 2326 349 2388 Ipse
374 2342 478 2387 ego,
504 2324 583 2386 qui
607 2323 761 2370 nullos
785 2339 860 2369 me
887 2322 1066 2369 affirmo
1092 2322 1299 2368 scribere
1325 2336 1501 2376 versus,

241 2409 463 2456 Iuvenior
488 2408 675 2455 Parthis
698 2406 1003 2462 mendacior3
1040 2414 1099 2464 et,
1125 2404 1251 2467 priris
1274 2412 1376 2452 orto

243 2493 366 2551 Sole,
392 2492 503 2556 vigil
527 2492 762 2539 calamum
786 2499 833 2538 et
856 2491 1045 2537 chartas
1064 2498 1112 2536 et
1136 2489 1314 2536 scrinia
1336 2503 1493 2550 posco.

241 2576 426 2623 Navem
451 2591 590 2638 agere
615 2576 807 2638 ignarus
831 2574 966 2621 navis
990 2573 1152 2630 timet;
1189 2573 1466 2620 abrotonum
1491 2586 1615 2634 aegro

242 2664 355 2711 Non
379 2665 534 2723 audet,
560 2664 651 2711 nisi
675 2664 753 2725 qui
778 2663 958 2720 didicit,
985 2663 1096 2709 dare
1117 2679 1127 2719 3
1165 2661 1288 2723 quod
1313 2660 1604 2706 medicorum
1629 2668 1712 2716 est,

171 2774 175 2781 ι
241 2747 526 2795 Promittunt
549 2748 721 2795 medici
741 2765 755 2806 ς
790 2755 996 2794 tractant
1019 2745 1201 2792 fabrilia
1225 2743 1368 2790 fabri:
1669 2742 1762 2788 116

242 2830 504 2878 Scribimus
529 2832 708 2878 indocti
733 2831 951 2892 doctique
974 2833 1193 2892 poemata
1215 2826 1401 2889 passim.

310 2913 407 2960 Hic
431 2929 557 2960 error
581 2923 740 2962 tamen
764 2923 812 2962 et
835 2915 950 2961 levis
971 2914 1074 2960 haec
1097 2910 1299 2965 insania,
1325 2917 1526 2972 quantas

243 2997 455 3045 Virtutes
478 2997 665 3055 habeat,
690 2999 760 3047 sic
783 2998 980 3062 collige:
1016 2995 1152 3044 Vatis
1177 3010 1342 3042 avarus
