1894 3188
88 123 186 171 112

620 117 672 164 Q.
701 116 944 157 HORATII
973 95 1182 156 mom

214 244 325 294 Nec
351 243 453 292 sera
477 244 688 295 coerulea
714 244 898 291 domuit
922 244 1185 292 Germania
1207 244 1353 307 pube,

280 329 664 392 Parentibusque
691 329 992 376 abominatus
1018 329 1283 388 Hannibal,

215 414 372 477 Impia
393 415 651 477 perdemus
676 414 834 461 devoti
859 414 1109 477 sanguinis
1135 422 1264 470 aetas,

278 498 510 561 Ferisque
536 515 698 546 rursus
722 499 1038 562 occupabitur
1063 499 1232 546 solum.
1640 500 1699 544 10

212 582 468 643 Barbarus,
495 584 590 630 heu
613 581 623 629 !
661 583 852 631 cineres
876 583 1066 630 insistet
1089 583 1256 639 victor,
1282 590 1331 630 et
1354 581 1536 630 Urbem

277 665 440 728 Eques
465 674 666 713 sonante
691 666 962 714 verberabit
985 666 1168 730 ungula
1190 683 1200 713 :

210 751 434 813 Quaeque
460 760 628 800 carent
652 751 807 798 ventis
830 760 879 799 et
903 752 1098 807 solibus,
1124 768 1233 799 ossa
1266 749 1484 806 Quirini,

275 835 428 883 Nefas
452 835 616 882 videre
638 835 647 882 !
686 836 939 899 dissipabit
962 836 1192 883 insolens.

210 918 373 979 Forte,
398 919 513 982 quid
538 920 776 982 expediat,
798 920 1135 977 communiter,
1157 928 1241 967 aut
1265 920 1431 968 melior
1449 935 1573 983 pars,
1637 921 1697 966 15

274 1004 420 1052 Malis
444 1021 610 1052 carere
634 1004 846 1067 quaeritis
869 1005 1127 1052 laboribus.

207 1088 359 1137 Nulla
382 1089 444 1136 sit
468 1090 560 1137 hac
583 1090 740 1152 potior
764 1090 1032 1137 sententia:
1071 1090 1387 1138 Phocaeorum

274 1174 425 1229 Velut¹
445 1174 656 1237 profugit
679 1183 931 1222 exsecrata
954 1175 1139 1234 civitaS‚

208 1259 367 1322 Agros
393 1267 533 1321 atque
558 1259 708 1306 Lares
732 1259 963 1322 proprios,
991 1259 1345 1322 habitandaque
1371 1259 1482 1306 fana

272 1343 419 1406 Apris
442 1344 635 1406 reliquit
658 1352 706 1391 et
730 1344 985 1407 rapacibus
1009 1344 1161 1407 lupis3
1630 1342 1696 1389 20

209 1427 287 1475 Ire
310 1428 459 1490 pedes
483 1444 772 1491 quocunque
799 1429 968 1488 ferent,
995 1445 1282 1491 quocunque
1306 1444 1391 1491 per
1417 1428 1570 1475 undas

272 1511 432 1560 Notus
457 1512 661 1560 vocabit*
672 1520 757 1561 aut
781 1522 1030 1576 protervus
1055 1513 1268 1559 Africus.

208 1597 292 1644 Sic
315 1597 474 1660 placet
495 1599 513 1642 Ἰ
551 1613 611 1644 an
637 1595 811 1644 melius
834 1597 941 1659 quis
966 1597 1111 1644 habet
1135 1597 1337 1644 suadere
1359 1598 1377 1643 Ἰ
1415 1597 1628 1644 secunda

273 1681 456 1728 Ratem
479 1697 719 1743 occupare
743 1681 857 1743 quid
881 1697 1122 1728 moramur
1147 1681 1295 1728 alite?

212 1766 309 1812 Sed
331 1765 548 1829 juremus
573 1764 623 1811 in
650 1765 783 1813 haec:
833 1770 859 1791 “
880 1766 1034 1812 Simul
1055 1765 1163 1812 imis
1187 1782 1301 1813 saxa
1325 1766 1538 1813 renarint
1628 1766 1693 1812 25

273 1849 424 1897 Vadis
449 1850 619 1909 levata,
645 1865 706 1896 ne
732 1849 888 1896 redire
913 1849 974 1896 sit
998 1850 1133 1897 nefas
1155 1867 1165 1897 :

209 1933 322 1981 Neu
347 1949 577 1981 conversa
600 1934 795 1981 domum
820 1933 982 1997 pigeat
1006 1935 1119 1981 dare
1144 1934 1309 1990 lintea,
1334 1933 1526 1998 quando

273 2018 436 2065 Padus
461 2019 653 2066 Matina
678 2018 846 2066 laverit
871 2019 1128 2066 cacumina
1148 2035 1159 2077 ;

209 2102 269 2149 In
294 2119 424 2149 mare
450 2119 535 2149 seu
560 2103 718 2149 celsus
742 2102 1032 2166 procurrerit
1057 2102 1374 2165 Apenninus3

274 2186 506 2248 Novaque
532 2195 743 2233 monstra
762 2186 977 2248 junxerit
995 2186 1194 2233 libidine
1627 2186 1692 2232 30

208 2269 363 2317 Mirus
388 2287 537 2326 amor,
559 2270 691 2333 juvet
715 2279 768 2316 ut
791 2270 938 2332 tigres
963 2270 1209 2316 subsidere
1235 2269 1401 2328 cervis,

273 2354 588 2401 Adulteretur
613 2363 660 2400 et
685 2354 909 2401 columba
933 2354 1093 2413 miluo,

210 2438 422 2486 Credula
446 2455 538 2485 nec
563 2455 698 2485 ravos
722 2439 925 2485 timeant
949 2447 1165 2485 armenta
1188 2439 1366 2499 leones,

270 2523 510 2584 Ametque
536 2523 661 2568 salsa
684 2523 800 2569 levis
826 2523 987 2569 hircus
1021 2524 1254 2584 aequora.''

209 2603 346 2661 Haec‚
373 2613 421 2649 et
444 2619 548 2665 quae
572 2613 796 2665 poterunt
820 2604 1002 2650 reditus
1027 2603 1314 2650 abscindere
1339 2603 1519 2662 dulces,
1623 2604 1687 2650 35

273 2687 454 2734 Eamus
478 2687 634 2733 omnis
658 2696 907 2733 exsecrata
931 2687 1112 2746 civitas,

208 2771 311 2818 Aut
333 2787 445 2834 pars
469 2771 668 2818 indocili
693 2771 858 2818 melior
883 2787 1030 2833 grege
1052 2788 1063 2817 ε
1100 2771 1258 2819 mollis
1281 2780 1330 2819 et
1353 2787 1523 2835 exspes

275 2854 550 2902 Inominata
574 2855 832 2918 perprimat
856 2855 1049 2902 cubilia.

207 2940 321 2998 Vos,
347 2939 520 3002 quibus
544 2949 616 2986 est
642 2921 806 2995 νίηυε,ι
832 2939 1115 2987 muliebrem
1140 2940 1289 2988 tollite
1313 2939 1513 2995 luctum,

274 3022 479 3070 Etrusca
502 3033 672 3086 praeter
697 3032 745 3071 et
768 3024 921 3070 volate
945 3024 1115 3072 littora.
1625 3023 1689 3069 40

1760 0 1894 83 „m
