1894 3188
168 129 265 178 118

690 123 741 170 Q.
771 122 1011 162 HORATII
1040 122 1184 162 FLAC
1191 123 1246 162 CI

429 250 607 299 Certus
628 258 682 297 ut
706 249 857 297 denos
882 249 1046 297 decies
1069 266 1153 314 per
1178 266 1331 298 annos

431 334 578 383 Orbis
603 342 652 382 et
675 342 848 382 cantus
871 334 1140 397 referatque
1164 335 1319 391 ludos,

431 419 534 467 Ter
558 419 638 466 die
661 419 805 479 claro,
830 418 1068 481 totiesque
1087 420 1223 482 grata

831 503 991 551 Nocte
1017 503 1304 567 frequentes.

434 589 628 652 Vosque
653 604 849 636 veraces
873 588 1127 645 cecinisse,
1154 588 1334 647 Parcae‚

433 673 586 725 Quod
611 673 758 720 semel
784 672 968 720 dictum
992 681 1080 729 est,
1107 672 1382 735 stabilisque
1407 688 1566 720 rerum

434 757 698 806 Terminus
723 767 893 814 servet,
919 759 1046 806 bona
1065 758 1164 821 jam
1182 758 1391 821 peractis

835 842 865 889 J
871 843 1036 905 ungite
1063 842 1176 889 fata.

435 925 630 974 Fertilis
654 925 845 990 frugum
868 926 1150 989 pecorisque
1175 925 1346 975 Tellus

437 1010 612 1074 Spicea
636 1011 782 1058 donet
807 1010 1037 1058 Cererem
1061 1011 1270 1058 corona:

437 1094 670 1143 Nutriant
695 1095 836 1143 scetus
860 1104 908 1142 et
932 1111 1065 1158 aquae
1091 1096 1306 1143 salubres

835 1180 900 1228 Et
924 1180 1058 1228 Jovis
1085 1196 1229 1227 aurae.

438 1264 649 1313 Condito
667 1264 796 1312 mitis
819 1265 1133 1328 placidusque
1166 1265 1262 1312 telo
1354 1325 1357 1329 ἱ

439 1349 693 1413 Supplices
717 1350 831 1397 audi
854 1365 1043 1413 puerOS‚
1072 1349 1275 1412 Apollo:

440 1433 665 1482 Siderum
688 1434 858 1499 regina
881 1433 1107 1492 bicornis,
1137 1434 1264 1492 audi,

668 1549 692 1556 -
839 1517 999 1573 Luna,
1024 1517 1222 1580 puellas.

443 1601 605 1650 Roma
628 1601 668 1648 si
692 1609 902 1649 vestrum
925 1609 998 1649 est
1021 1617 1157 1663 opus,
1184 1600 1380 1663 Iliaeque

443 1685 606 1734 Littus
629 1685 890 1734 Etruscum
913 1684 1114 1733 tenuere
1139 1694 1325 1742 turmae,

443 1770 589 1818 Jussa
610 1786 719 1833 pars
743 1779 928 1818 mutare
953 1770 1104 1817 Lares
1129 1778 1177 1817 et
1200 1770 1369 1816 urbem

840 1854 1028 1917 Sospite
1053 1869 1214 1910 cursu,

447 1937 542 1985 Cui
565 1953 649 2001 per
674 1938 923 1985 ardentem
948 1938 1052 1985 sine
1077 1937 1244 1985 fraude
1263 1937 1461 2001 Trojam

443 2022 619 2070 Castus
644 2022 843 2079 AEneas,
868 2023 1037 2085 patriae
1062 2032 1317 2085 superstes,

444 2105 675 2154 Liberum
698 2106 903 2154 munivit
926 2107 1031 2163 iter,
1065 2107 1266 2153 daturus

845 2190 990 2238 Plura
1012 2190 1192 2238 relictis
1211 2206 1220 2235 :

445 2273 525 2333 Di,
549 2274 723 2337 probos
745 2291 901 2322 mores
926 2274 1069 2322 docili
1090 2274 1315 2338 juventae,

446 2357 529 2414 Di,
556 2358 795 2406 senectuti
818 2359 1021 2422 placidae
1041 2358 1266 2425 quietem,

450 2441 674 2490 Romulae
699 2443 832 2506 genti
857 2443 966 2490 date
990 2459 1186 2505 remque
1209 2441 1484 2505 prolemque

846 2525 910 2573 Et
934 2527 1083 2573 decus
1110 2541 1268 2573 omne.

446 2607 669 2671 Quaeque
693 2626 775 2657 vos
799 2610 950 2657 bobus
974 2617 1227 2656 veneratur
1251 2608 1371 2655 albis

449 2692 621 2740 Clarus
646 2694 878 2741 Anchisae
902 2693 1202 2755 Venerisque
1227 2693 1437 2756 sanguis,

452 2777 694 2841 Impetret‚
721 2779 928 2827 bellante
952 2777 1094 2841 prior,
1117 2778 1359 2841 jacentem

847 2862 995 2910 Lenis
1020 2862 1070 2909 in
1096 2862 1296 2910 hostem.

1724 1012 1788 1057 30

1730 1853 1794 1900 40

1728 2273 1793 2319 45

1732 2692 1797 2737 50
