1894 3188
154 91 186 139 fi
678 87 729 135 Q.
758 85 995 126 HORATII
1024 85 1228 125 FLACCI

220 213 297 261 Ac
320 229 474 275 neque
494 213 592 276 jam
617 213 815 260 stabulis
837 213 1014 276 gaudet
1036 229 1200 276 pchS,
1229 220 1309 260 aut
1333 220 1488 260 arator
1512 213 1640 276 igni,

350 298 460 345 Nec
483 306 617 360 prata
640 299 777 346 canis
802 298 1012 345 albicant
1034 297 1230 360 pruinis,
1459 360 1462 362 Α

219 381 327 430 Jam
353 381 592 444 Cytherea
615 383 785 430 choros
809 382 942 429 ducit
966 382 1149 438 Venus,
1176 381 1454 429 imminente
1481 381 1645 438 Luna,
1721 383 1751 428 5

349 466 631 529 Junctaeque
655 467 894 530 Nymphis
918 466 1094 514 Gratiae
1119 467 1347 514 decentes

220 549 421 598 Alterno
443 558 617 598 terram
641 551 860 613 quatiunt
882 551 1018 613 pede,
1045 552 1158 598 dum
1182 567 1348 614 graves
1372 550 1635 614 Cyclopum

348 633 596 681 Vulcanus
621 636 792 682 ardens
816 635 911 682 urit
934 635 1163 682 officinas.

219 715 366 764 Nunc
390 718 530 765 decet
554 727 637 766 aut
659 719 796 766 viridi
821 719 1024 766 nitidum
1049 728 1191 782 caput
1215 719 1443 782 impedire
1467 728 1631 781 myrto,

345 801 448 849 Aut
471 801 601 859 flore,
627 811 763 851 terrae
786 821 924 866 quem
952 804 1110 851 ferunt
1134 804 1314 851 solutae.
1688 802 1747 848 10

216 884 364 933 Nunc
387 894 436 933 et
458 885 508 933 in
533 887 766 935 umbrosis
791 888 960 935 Fauno
984 889 1123 936 decet
1146 888 1388 935 immolare
1406 886 1540 943 lucis,

347 970 446 1017 Seu
469 979 634 1033 poscat
658 972 798 1034 agna,
825 972 922 1019 sive
948 973 1080 1020 malit
1104 973 1255 1019 haedo.

217 1053 399 1101 Pallida
422 1054 553 1102 Mors
578 1071 710 1118 aequo
732 1056 887 1118 pulsat
905 1057 1026 1118 pede
1050 1072 1312 1119 pauperum
1335 1055 1569 1110 tabernas,

347 1138 632 1201 Regumque
657 1148 824 1187 turres.
894 1140 940 1187 O
965 1141 1100 1187 beate
1127 1140 1276 1196 Sexti,

221 1221 340 1269 Vitae
365 1237 549 1270 summa
572 1224 726 1271 brevis
750 1240 881 1288 spem
906 1241 992 1271 nos
1017 1233 1142 1271 vetat
1161 1225 1386 1272 inchoare
1405 1224 1622 1287 longam:
1685 1223 1744 1268 15

345 1306 454 1353 Jam
478 1315 524 1354 te
547 1316 731 1369 premet
754 1325 861 1367 nox,
888 1308 1154 1370 fabulaeque
1180 1308 1366 1364 ManeS,

217 1389 279 1437 Et
303 1390 470 1438 domus
494 1391 629 1438 exilis
653 1391 876 1438 Plutonia
895 1408 905 1449 ;
943 1390 1037 1454 quo
1064 1392 1204 1439 simul
1229 1391 1415 1450 meari&

345 1474 459 1522 Non
483 1491 640 1539 regna
655 1475 752 1523 vini
777 1475 973 1523 sortiere
999 1476 1120 1523 talis.

233 1570 358 1631 Nec
405 1555 542 1613 ΤΕΑ
568 1576 597 1615 Ε
620 1575 788 1613 vum
839 1556 1195 1637 ίγιιόανκ
1233 1571 1425 1607 mura,
1446 1548 1630 1605 lot-(2
1671 1561 1788 1647 εσυ

776 1630 983 1689 ende-t-
1027 1641 1385 1710 wwenws
1767 1651 1770 1654 ⁴

237 1758 412 1826 Num
469 1785 744 1837 omnus
788 1770 892 1822 δ’·
923 1787 1087 1857 mv}
1133 1778 1463 1903 Ἵιτῖίῆἕὲ

815 1894 964 1944 ‘ODE
999 1892 1098 1951 VJ
1306 1907 1317 1922 ν
1398 1873 1759 1997 flquufct

126 2025 143 2039 x
186 1986 246 2039 θ’
277 2008 296 2033 t

154 2050 183 2091 xl
214 2053 260 2120 a&
528 2016 529 2019 Ἰ
562 2045 628 2076 AD
663 2046 717 2077 M.
754 2046 1029 2078 VIPSANIUM
1063 2047 1331 2078 AGRIPPAM.

120 2145 136 2177 Ὺ
184 2088 235 2159 χ
347 2162 616 2210 Senmfflus
642 2163 789 2210 Vario
813 2163 958 2222 sortis,
985 2172 1033 2210 et
1056 2164 1262 2212 hostium

346 2245 526 2305 Victor,
553 2246 751 2294 Maeonii
776 2247 1002 2293 carminis
1027 2247 1142 2303 aliti,

345 2328 509 2380 Quam
533 2346 632 2376 rem
658 2347 846 2392 cunque
873 2331 1001 2378 ferox
1025 2331 1223 2378 navibus
1248 2340 1328 2378 aut
1351 2331 1483 2393 equis

673 2413 815 2460 Miles
839 2422 886 2459 te
910 2415 1032 2460 duce
1057 2415 1271 2476 gesserit.

346 2496 463 2555 Nos,
491 2496 717 2559 Agrippa,
743 2513 896 2558 neque
921 2498 1023 2543 haec
1049 2498 1225 2553 dicere,
1251 2514 1341 2544 nec
1365 2514 1554 2561 gravem
1707 2498 1740 2543 5

347 2579 523 2627 Pelidae
548 2581 843 2627 stomachum
869 2581 1039 2627 cedere
1064 2581 1229 2639 nescii,

347 2663 455 2711 Nec
480 2679 646 2710 cursus
666 2664 868 2726 duplicis
893 2680 974 2726 per
1001 2680 1128 2710 mare
1149 2664 1349 2726 Ulyssei'‚

674 2747 782 2794 Nec
807 2764 978 2794 saevam
1004 2747 1192 2810 Pelopis
1216 2748 1422 2806 domurn,

347 2830 606 2887 Conamur,
632 2840 802 2878 tenues
826 2831 1056 2894 grandia:
1093 2833 1203 2878 dum
1229 2832 1392 2894 pudor,

348 2913 651 2977 Imbellisque
675 2916 786 2977 lyrae
811 2916 955 2963 Musa
977 2925 1144 2979 potens
1163 2924 1288 2963 vetat
1684 2913 1744 2960 10

348 2996 537 3046 Laudes
561 3000 741 3062 egregii
767 3000 984 3059 Caesaris,
1011 3009 1057 3046 et
1081 3011 1200 3056 tuas,

675 3083 829 3146 Culpa
854 3085 1066 3131 deterere
1094 3082 1273 3147 ingeni.
