1894 3188
601 86 929 128 SATIRARUM
967 87 1073 127 LIB.
1102 86 1159 126 ΙΙ.
1582 92 1675 138 151

154 212 270 268 Aut,
296 212 334 278 si
357 220 517 259 tantus
541 227 670 259 arnor
694 212 933 260 scribendi
957 221 1004 259 te
1027 211 1165 274 rapit,
1191 196 1312 259 aude
1329 188 1358 215 Ψ
1620 212 1680 258 10

151 295 356 342 Caesaris
380 294 541 362 invicti
566 311 641 343 res
665 295 839 355 dicere,
864 296 1012 358 multa
1035 294 1249 342 laborum

154 378 353 425 Praemia
373 379 569 439 laturus.

754 474 1005 502 HORATIUS.

670 532 927 595 Cupidurn‚
952 541 1084 596 pater
1107 533 1300 596 optime,
1327 533 1447 581 vires

151 615 424 663 Deficiunt:
460 632 614 678 neque
638 617 767 663 enim
791 617 942 678 quivis
966 617 1211 664 horrentia
1243 618 1351 680 pilis

153 700 368 762 Agmina,
384 717 485 767 'nec
509 701 659 748 fracta
682 684 936 766 pereuntes
960 702 1156 765 cuspide
1181 702 1356 760 Gallos,

156 784 250 829 Aut
271 783 474 831 labentis
497 800 618 846 equo
641 784 879 832 describat
902 785 1098 832 vulnera
1121 785 1301 832 Parthi.
1615 786 1675 831 15

737 879 1018 908 TREBATIUS.

151 913 370 984 &ttamen
396 946 443 984 et
461 938 641 1000 justum
665 947 853 1000 poteras
877 948 924 986 et
942 940 1149 987 scribere
1174 940 1354 999 fortem,

151 1011 424 1082 Scipiadam
448 1029 499 1068 ut
523 1021 710 1084 sapiens
735 1021 965 1069 Lucilius.

745 1117 995 1145 HORATIUS.

1026 1177 1171 1224 Haud
1195 1176 1311 1224 mihi
1335 1178 1492 1234 deero,

145 1255 313 1307 Quum
337 1273 410 1303 res
434 1257 535 1320 ipsa
558 1257 689 1305 feret.
758 1259 867 1306 Nisi
892 1259 1056 1307 dextro
1079 1269 1303 1323 tempore,
1329 1261 1495 1329 Flacci

149 1339 306 1385 Verba
327 1356 410 1401 per
434 1349 661 1388 attentam
685 1358 780 1388 non
805 1342 941 1390 ibunt
965 1343 1168 1390 Caesaris
1193 1359 1382 1391 aurem:
1472 1376 1533 1431 ἐ

99 1405 236 1491 {Cui
260 1423 380 1470 male
405 1423 444 1470 si
466 1424 671 1523 palpere,
696 1403 987 1473 recalcitrat
984 1426 1203 1489 undique
1226 1409 1462 1509 tu‘tusf
1603 1431 1668 1476 20

668 1514 670 1516 ’
737 1520 1014 1547 TREBATIUs.
1041 1546 1046 1548 .

128 1577 342 1628 Quanto
366 1577 539 1625 rectius
563 1578 670 1642 hoc,
695 1595 837 1642 quam
861 1576 983 1627 'tristi'
1004 1580 1176 1629 laedere
1201 1598 1338 1630 versu

144 1660 457 1713 Pantolabum
481 1678 692 1710 scurram
716 1662 1166 1727 Nomentanumque
1192 1675 1414 1730 nepotem
1434 1666 1443 1713 !

142 1742 310 1795 Quum
357 1745 445 1793 sibi
490 1746 685 1817 quisque
730 1747 880 1804 timet,
921 1764 1190 1811 quanquam
1235 1759 1308 1798 est
1352 1751 1575 1809 intactus,
1618 1762 1664 1800 et

272 1828 384 1875 odit.

742 1907 993 1936 HORATIUS.

141 1964 275 2015 Quid
301 1952 505 2012 faciam}
541 1965 693 2012 Saltat
716 1965 960 2023 Milonius,
986 1975 1039 2015 ut
1060 1968 1208 2016 semel
1242 1968 1337 2018 icto

142 2048 300 2095 Acces
280 2047 363 2094 ssit
386 2048 535 2096 fervor
559 2048 702 2111 capiti
725 2066 1042 2113 numerusque
1066 2051 1306 2099 lucernis:
1597 2056 1660 2102 25

142 2131 311 2179 Castor
334 2133 510 2195 gaudet
531 2133 696 2195 equis3
731 2149 818 2181 ovo
839 2143 1095 2198 prognatus
1118 2136 1311 2206 eodem,
1421 2188 1426 2201 δ

141 2215 346 2279 Pugnis.
382 2225 493 2278 quot
515 2217 722 2279 capitum
746 2218 923 2275 vivunt,
948 2219 1145 2277 totidem
1168 2211 1429 2269 studiorum

140 2299 308 2347 Millia.
377 2299 460 2347 Me
482 2300 681 2363 pedibus
705 2301 908 2349 delectat
931 2284 1152 2351 claudere
1175 2305 1330 2361 verba,

139 2383 294 2430 Lucili
317 2383 423 2443 ritu,
449 2384 657 2432 nostrfim
682 2385 888 2433 melioris
920 2395 1134 2449 utroque.

138 2467 227 2514 Ille
251 2468 377 2514 velut
399 2468 506 2515 fidis
530 2484 706 2516 arcana
729 2470 968 2518 sodalibus
990 2471 1104 2519 olim
1595 2475 1659 2524 30

139 2550 376 2598 Credebat
399 2551 560 2609 libris;
595 2568 765 2615 neque,
791 2553 830 2601 si
854 2554 975 2602 male
999 2565 1223 2616 cesserat,
1248 2573 1443 2620 usquam

137 2634 412 2683 Decurrens
436 2635 541 2696 alio,
566 2653 720 2699 neque
745 2637 784 2684 si
808 2638 930 2686 bene
951 2655 963 2685 ε
999 2655 1090 2702 quo
1113 2639 1165 2687 fit
1188 2649 1239 2688 ut
1261 2643 1415 2690 omnis

134 2718 304 2766 Votiva
328 2728 488 2783 pateat
512 2720 657 2768 veluti
682 2721 918 2786 descripta
941 2723 1114 2772 tabella

132 2802 244 2850 Vita
267 2803 407 2851 senis.
478 2805 658 2867 Sequor
683 2806 825 2865 hunc,
851 2807 1078 2855 Lucanus
1100 2824 1162 2856 an
1186 2809 1421 2872 AppuluS,
1448 2827 1649 2876 anceps:

132 2886 259 2934 Nam
282 2888 558 2936 Venusinus
582 2898 682 2936 arat
704 2890 848 2937 finem
872 2891 960 2937 sub
983 2900 1232 2955 utrumque
1256 2895 1467 2950 colonuS,
1590 2898 1653 2943 35

131 2969 307 3017 Missus
332 2973 389 3018 ad
416 2973 522 3029 hoc,
546 2973 709 3035 pulsis,
735 2983 868 3022 vetus
891 2984 963 3022 est
986 2984 1037 3023 ut
1061 2976 1200 3033 fama,
1227 2978 1443 3033 Sabellis,
