1894 3188
588 39 898 81 CARMINUM
923 39 1029 78 LIB.
1058 38 1135 79 III.

325 165 639 214 Fastidiosam
664 165 829 211 desere
862 163 1063 226 copiam,
1089 172 1138 210 et

324 250 505 298 Molem
529 248 837 312 propinquam
862 247 1067 295 nubibus
1092 247 1282 294 arduis:

386 333 567 381 Omitte
591 332 750 379 mirari
775 332 924 378 beatae

448 416 654 463 Fumum
681 424 728 462 et
750 432 864 480 opes
887 415 1227 478 strepitumque
1252 414 1436 463 Romae.

321 499 606 562 Plerumque
629 508 774 563 gratae
799 500 1023 547 divitibus
1049 499 1206 558 vices3

323 583 614 645 Mundaeque
638 599 780 646 parvo
807 584 896 630 sub
918 584 1016 630 lare
1040 598 1301 646 pauperum

383 666 563 723 Coenae,
592 667 693 715 sine
718 667 880 715 aulaeis
905 676 952 715 et
975 676 1118 724 ostro,

448 751 709 798 Sollicitam
735 750 1006 815 explicuere
1032 753 1248 799 frontem.

320 834 350 881 J
354 850 429 881 am
453 835 608 882 clarus
631 835 876 883 occultum
901 836 1235 881 Andromedes
1261 843 1393 897 pater

318 918 542 967 Ostendit
565 918 725 980 ignem
746 934 757 963 :
789 917 887 980 jam
912 917 1129 978 Procyon
1154 917 1282 974 furit,

382 1002 446 1049 Et
470 1001 604 1048 stella
627 1000 789 1048 vesani
814 1001 1005 1057 Leonis,

446 1085 556 1132 Sole
581 1085 682 1132 dies
706 1084 940 1132 referente
965 1084 1132 1132 siccos.

317 1169 346 1216 J
350 1185 424 1216 am
447 1177 606 1232 pastor
631 1169 821 1215 umbras
845 1185 955 1215 cum
979 1185 1125 1232 grege
1149 1169 1377 1233 languido

317 1253 588 1314 Rivumque
614 1252 765 1298 fessus
788 1253 972 1315 quaerit,
995 1261 1042 1299 et
1067 1253 1246 1301 horridi

379 1336 586 1384 Dumeta
610 1335 820 1393 Silvani3
857 1345 1080 1399 caretque

443 1420 571 1482 Ripa
593 1420 724 1483 vagis
747 1420 986 1467 taciturna
1019 1421 1187 1468 ventis.

314 1503 393 1551 Tu
418 1504 656 1551 civitatem
683 1505 787 1566 quis
811 1505 980 1552 deceat
1004 1514 1155 1553 status

313 1587 480 1647 Cures,
506 1597 553 1635 et
577 1588 693 1635 Urbi
717 1589 948 1636 sollicitus
972 1589 1112 1636 times

374 1672 510 1723 Quid
535 1673 675 1720 Seres
699 1682 747 1720 et
770 1682 971 1736 regnata
995 1673 1122 1736 Cyro

439 1756 612 1803 Bactra
632 1765 815 1819 parent,
842 1757 1120 1819 Tanaisque
1145 1757 1339 1806 discors.

313 1840 528 1887 Prudens
552 1840 695 1887 futuri
719 1842 944 1904 temporis
967 1842 1146 1889 exitum

314 1923 586 1986 Caliginosa
609 1933 750 1971 nocte
773 1925 944 1987 premit
968 1925 1130 1982 Deus3

376 2007 632 2068 Ridetque‚
658 2007 697 2053 si
721 2008 931 2055 mortalis
955 2008 1079 2055 ultra

440 2090 534 2137 Fas
557 2091 774 2152 trepidat.
842 2091 989 2142 Quod
1014 2092 1163 2148 adest,
1190 2100 1426 2140 memento

310 2173 607 2236 Componere
633 2191 792 2236 aequus
813 2191 824 2220 ι
861 2183 1032 2222 caetera
1056 2175 1265 2223 fluminis

310 2257 430 2304 Ritu
455 2257 682 2313 feruntur,
708 2274 838 2305 nunc
862 2259 1019 2306 medio
1053 2260 1186 2307 alveo

374 2341 499 2388 Cum
522 2357 640 2403 pace
664 2342 927 2389 delabentis
951 2343 1210 2390 Etruscum

436 2424 495 2472 In
520 2441 664 2482 mare,
691 2442 820 2473 nunc
843 2426 1023 2489 lapides
1049 2427 1218 2474 adesos

307 2509 580 2572 Stirpesque
604 2519 760 2573 raptas
784 2518 831 2558 et
852 2527 1000 2573 pecus
1019 2519 1067 2558 et
1091 2512 1256 2559 domos

307 2593 552 2641 Volventis
576 2595 686 2654 una,
713 2611 809 2642 non
835 2595 937 2642 sine
957 2595 1191 2643 montium

370 2678 589 2726 Clamore
613 2679 874 2742 vicinaeque
900 2679 1045 2736 silvae,

431 2761 598 2812 Quum
624 2763 722 2811 fera
745 2764 944 2811 diluvies
968 2764 1152 2825 quietos

306 2845 464 2893 Irritat
488 2863 665 2895 amnes.
734 2847 821 2894 Ille
839 2857 1008 2911 potens
1040 2849 1114 2897 sui

303 2929 556 2993 Laetusque
575 2932 731 2996 deget,
758 2932 836 2980 cui
854 2932 967 2981 licet
990 2933 1039 2981 in
1064 2934 1192 2983 diem

497 3014 559 3062 7*

1599 246 1660 293 10

1598 666 1658 713 15

1591 1085 1654 1132 20

1583 1925 1647 1973 30

1575 2768 1639 2814 40
