1894 3188
165 115 264 166 178
685 111 737 158 Q·
767 110 1009 151 HORATII
1044 111 1253 152 FLACCI

227 239 404 289 Frusta
425 237 573 296 dedit,
599 237 800 301 cupiens
823 237 952 286 varia
978 158 1194 287 fds'tidia
1194 239 1335 287 coena

226 324 439 374 Vincere
463 323 706 389 tangentis
729 322 858 371 male
882 323 1073 387 singula
1096 325 1240 372 dente
1271 324 1475 388 superbo
1496 340 1507 372 :

148 472 154 481 ,
224 408 398 462 Quum
421 396 553 474 pater
577 403 679 473 ipSe
704 408 870 456 domfis
893 408 1030 472 palea
1051 417 1300 472 porrectus
1324 409 1373 457 in
1393 410 1544 457 horna

140 483 149 500 ³
227 494 371 545 Esset
393 495 508 543 ador
531 494 806 557 loliumque,
833 493 968 557 dapis
992 494 1192 542 meliora
1214 493 1506 556 relinquens.

157 584 161 597 ”
182 577 185 579 ’
226 579 454 628 Tandem
509 580 722 627 urbanus
780 579 841 626 ad
899 579 1046 639 hunc,
1109 578 1274 630 ‘Quid
1318 587 1367 627 te
1397 578 1566 643 juvat,’
1601 578 1773 643 inquit,

361 668 372 689 ‘
389 663 562 720 amice,
1707 664 1777 712 90

226 747 459 812 Praerupti
483 747 691 796 nemoris
714 747 976 811 patientem
999 747 1158 794 vivere
1182 748 1360 795 dorso?

226 832 317 881 Vis
339 840 392 881 tu
416 831 633 880 homines
657 833 918 895 urbemque
944 832 1055 879 feris
1078 848 1355 895 praeponere
1380 831 1545 880 silvis?
1568 879 1575 893 ‚

229 917 388 981 Carpe
411 917 550 976 viam,
577 916 694 964 mihi
721 917 878 976 crede,
906 932 1081 975 comeS‚
1107 916 1350 963 terrestria
1372 918 1568 979 quando

215 986 458 1050 ”Mortales
482 1001 666 1049 animas
691 1001 854 1049 vivunt
878 1001 1057 1061 sortita,
1084 1017 1240 1063 neque
1260 1001 1358 1048 ulla
1381 1010 1454 1049 est

230 1087 333 1134 Aut
356 1102 535 1150 magno
560 1095 644 1133 aut
665 1101 810 1149 parvo
834 1086 916 1133 leti
941 1085 1085 1149 suga:
1123 1102 1229 1148 quo,
1257 1086 1399 1157 bone,
1425 1085 1571 1146 circa,
1709 1087 1774 1134 95

228 1170 360 1219 Dum
383 1171 510 1231 licet,
537 1171 588 1219 in
612 1171 754 1219 rebus
774 1171 1005 1235 jucundis
1029 1170 1132 1217 vive
1158 1171 1326 1218 beatus
1348 1188 1359 1229 3

227 1255 351 1324 Vive
375 1272 556 1304 memor
579 1254 723 1319 quam
747 1256 812 1303 sis
837 1256 923 1304 aevi
947 1255 1133 1304 brevis.'
1207 1255 1330 1303 Haec
1354 1255 1437 1303 ubi
1462 1255 1594 1304 dicta

229 1341 486 1405 Agrestem
509 1340 753 1405 pepulere,
779 1331 921 1389 domo
945 1340 1061 1388 levis
1086 1340 1275 1387 exsilit:
1312 1339 1426 1387 inde

228 1426 392 1474 Ambo
415 1426 706 1489 propositum
733 1433 969 1488 peragunt
993 1425 1097 1480 iter,
1123 1424 1254 1471 urbis
1279 1432 1475 1471 aventes

231 1508 416 1558 Moenia
439 1509 661 1559 nocturni
687 1508 961 1571 subrepere.
1032 1508 1239 1569 Jamque
1263 1507 1461 1555 tenebat
1684 1507 1780 1556 100

228 1593 343 1643 Nox
364 1594 577 1642 medium
601 1592 711 1640 coeli
736 1592 957 1654 spatium,
983 1607 1130 1653 quum
1154 1591 1289 1654 ponit
1312 1598 1513 1655 uterque

230 1679 291 1727 In
314 1679 550 1742 locuplete
575 1678 715 1725 domo
738 1676 941 1739 vestigia
963 1692 976 1733 3
1011 1676 1156 1723 rubro
1180 1676 1263 1723 ubi
1288 1691 1440 1724 cocco

229 1763 415 1813 Tincta
438 1779 578 1826 super
602 1762 752 1809 lectos
776 1761 1007 1808 canderet
1030 1760 1175 1807 vestis
1200 1760 1424 1821 eburnos,

229 1847 483 1913 Multaque
507 1848 567 1894 de
590 1862 769 1909 magna
791 1853 1098 1908 superessent
1122 1845 1304 1893 fercula
1326 1847 1481 1905 coma,

230 1933 361 1986 Quae
383 1932 549 1997 procul
574 1929 829 1978 exstructis
854 1930 1044 2001 inerant
1063 1930 1289 1977 hesterna
1306 1928 1546 1978 canistris.
1682 1930 1779 1979 105

234 2018 364 2093 Ergo
386 2017 470 2066 ubi
493 2032 730 2081 purpurea
751 1990 1026 2079 porrectum
1049 2014 1100 2063 in
1123 2022 1253 2062 veste
1277 2014 1454 2063 locavit

146 2133 153 2150 .-
217 2100 506 2168 'Agrestem‚
532 2101 678 2149 veluti
701 2100 981 2148 succinctus
1005 2099 1205 2148 cursitat
1228 2100 1418 2162 hospes,

148 2222 152 2228 ,.
235 2187 594 2250 Continuatque
618 2186 799 2248 dapes;
836 2201 928 2232 nec
951 2201 1049 2232 non
1074 2183 1363 2232 vernaliter
1351 2182 1468 2247 ipsis

238 2271 478 2352 Fungitur
501 2271 686 2329 officiiS‚
710 2269 1026 2333 praelambens
1049 2284 1191 2316 omne
1216 2269 1342 2331 quod
1366 2267 1534 2316 adfert.

238 2356 327 2407 Ille
352 2356 535 2404 cubans
559 2356 737 2419 gaudet
760 2356 941 2424 mutata
965 2362 1105 2413 sorte,
1131 2353 1362 2416 bonisque
1686 2351 1782 2400 110

238 2441 411 2501 Rebus
435 2441 533 2505 agit
555 2441 715 2488 laetum
742 2425 1017 2497 conv1vam3
1054 2454 1200 2502 quum
1225 2435 1382 2485 subito
1411 2436 1585 2501 ingens

241 2493 501 2574 Valraru‘m
525 2525 748 2588 strepitus
772 2525 909 2573 lectis
934 2523 1145 2571 excussit
1168 2531 1436 2584 utrumque.

240 2610 448 2660 Currere
472 2627 555 2673 per
579 2618 730 2658 totum
754 2609 914 2673 pavidi
938 2608 1166 2657 conclave
1187 2624 1198 2666 3
1235 2604 1483 2670 magisque

241 2694 502 2745 Exanimes
524 2694 782 2757 trepidare,
809 2693 949 2741 simul
975 2694 1143 2740 domus
1167 2692 1264 2739 alta'
1291 2689 1516 2738 Molossis
1687 2688 1781 2737 114

243 2779 497 2828 Personuit
533 2779 748 2827 canibus.
818 2778 950 2826 Tum
987 2777 1211 2832 rusticus,
1260 2781 1271 2801 ‘
1296 2775 1442 2823 Haud
1479 2772 1598 2822 mihi
1633 2771 1726 2823 vita

243 2863 331 2914 Est
354 2880 472 2927 opus
495 2865 603 2921 hac,
630 2865 728 2921 ait3
765 2872 814 2911 et
839 2863 996 2910 valeas
1017 2879 1030 2910 z
1067 2878 1143 2910 me
1168 2861 1285 2908 silva
1308 2873 1550 2925 cavusque

243 2947 403 3000 Tutus
428 2948 489 2996 ab
513 2948 698 2998 insidiis
721 2947 856 2999 tenui
880 2947 1107 2996 solabitur
1127 2945 1270 2995 ervo.'
1290 2944 1316 2968 ’²
