1894 3188
131 108 230 156 102
683 101 733 148 Q.
763 101 1006 141 HORATII
1033 101 1068 141 F
1070 101 1241 142 LACCI

325 228 440 276 Non
464 243 541 276 me
566 226 781 275 Lucrina
800 227 1013 290 juverint
1036 228 1306 291 conchylia,

561 309 783 375 Magisve
803 312 1049 368 rhombus,
1075 314 1158 360 aut
1180 312 1324 370 scari,

325 397 379 445 Si
404 411 522 460 quos
545 395 664 444 Eoi's
687 396 907 443 intonata
931 395 1158 444 fluetibus

562 480 737 528 Hiems
763 481 824 527 ad
849 481 941 528 hoe
967 489 1121 528 vertat
1143 496 1275 529 mare
1296 496 1311 538 ς

323 565 438 613 Non
463 565 584 613 Afra
609 565 708 612 avis
733 565 998 613 descendat
1021 565 1072 613 in
1095 574 1312 636 vent-ren}
1337 580 1514 621 meum,

559 649 675 697 Non
701 657 895 712 attagen
921 632 1197 698 Ionicu3⁰”''

324 735 353 782 J
359 734 609 794 ucundior,
635 732 779 796 quam
804 735 932 782 lecta
955 735 1014 782 de
1038 734 1371 798 pinguissimis

556 818 700 866 Oliva
723 819 870 865 ramis
894 819 1136 878 arborum,

324 904 427 951 Aut
450 903 598 951 herba
621 902 804 965 lapathi
827 902 1213 965 prataamantis,
1238 911 1288 950 et
1310 902 1442 966 gravi

559 986 731 1034 Malvae
756 986 972 1034 salubres
995 986 1198 1049 corpori,

325 1071 420 1119 Vel
443 1083 569 1135 agna
593 1071 726 1118 festis
751 1087 878 1118 caesa
901 1071 1283 1129 Terminalibus,

557 1156 650 1203 Vel
687 1156 859 1203 hoedus
883 1164 1077 1219 ereptus
1100 1156 1228 1220 lupo.

325 1241 430 1289 Has
454 1241 579 1288 inter
603 1240 786 1303 epulas,
812 1249 866 1288 ut
885 1241 1019 1304 juvat
1042 1250 1206 1303 pastas
1237 1257 1350 1289 oves

554 1324 735 1372 Videre
759 1334 1070 1388 properantes
1095 1327 1291 1374 domum
1312 1343 1326 1383 3

320 1409 502 1458 Videre
527 1410 677 1457 fessos
701 1425 944 1457 vomerem
968 1411 1213 1458 inversum
1238 1411 1382 1458 boves
1404 1456 1407 1458 ,

555 1492 694 1561 Collo
716 1494 963 1540 trahentes
987 1494 1219 1557 languido
1235 1512 1247 1552 ;

269 1607 282 1642 J
322 1559 600 1639 Positosque
624 1592 811 1633 vernem,
838 1577 949 1624 ditis
974 1594 1178 1624 examen
1203 1578 1389 1634 domus,

259 1649 307 1704 Κ
556 1660 755 1708 Circum
780 1662 1056 1708 renidentes
1081 1662 1231 1709 Lares
1253 1661 1262 1708 !
1284 1663 1310 1683 '³

322 1745 444 1793 Haeo
468 1745 549 1792 ubi
575 1745 764 1793 locutus
789 1746 1046 1793 foenerator
1071 1746 1244 1804 Alfius,

553 1829 582 1876 J
587 1845 662 1875 am
684 1829 782 1892 jam
808 1831 997 1877 futurus
1021 1830 1248 1885 rusticus,

322 1913 533 1961 Omnem
557 1913 746 1976 redegit
769 1913 939 1960 Idibus
961 1913 1222 1975 pecuniam
1241 1931 1251 1971 ;

550 1996 744 2048 Quaerit
767 1997 1007 2044 Kalendis
1030 2013 1227 2060 ponere.

790 2323 933 2372 ODE
968 2323 1065 2371 III.

700 2473 768 2504 AD
803 2473 1154 2505 MAECENATEM.

389 2593 649 2641 PARENTIS
673 2591 788 2639 olim
813 2591 853 2638 si
877 2591 983 2652 quis
1007 2591 1156 2654 impia
1180 2608 1327 2639 manu

619 2675 783 2723 Senile
808 2683 971 2738 guttur
999 2674 1210 2738 fregerit,

389 2760 517 2808 Edat
540 2760 714 2808 cicutis
739 2759 902 2806 allium
926 2759 1196 2806 nocentius.

620 2844 666 2891 O
692 2844 812 2891 dura
834 2859 1100 2891 messorum
1124 2843 1207 2890 ilia
1227 2842 1238 2889 ἔ

387 2927 525 2978 Quid
549 2928 641 2975 hoc
665 2927 840 2974 veneni
865 2927 998 2974 saevit
1021 2927 1072 2975 in
1096 2927 1374 2990 praecordiis
1396 2929 1415 2973 ’ἒ

619 3010 754 3058 Num
778 3011 1021 3076 viperinus
1048 3011 1123 3059 his
1147 3027 1288 3060 cruor

1525 2894 1542 2919 1

1684 315 1749 361 50

1679 735 1746 781 55

1680 1157 1744 1203 60

1656 1578 1742 1627 ,65

1677 1999 1739 2043 70
