1894 3188
203 96 308 147 188
735 90 787 139 Q.
816 89 1059 132 HORATII
1087 89 1296 130 FLACCI

270 220 366 270 Cui
391 220 452 268 sit
476 219 688 268 conditio
712 214 868 268 dulcis
893 219 996 268 sine
1020 219 1215 284 pulvere
1239 219 1448 283 palmae'?

335 305 493 353 Vilius
519 315 772 370 argentum
796 314 870 354 est
894 322 1024 362 auro,
1052 305 1305 353 virtutibus
1331 320 1517 352 aurum.

273 395 300 416 “
317 389 363 437 O
387 390 531 450 cives,
553 391 697 450 cives,
723 391 982 453 quaerenda
1004 390 1214 453 pecunia
1236 388 1442 453 primum
1466 396 1556 446 est,

271 474 439 522 Virtus
462 484 569 537 post
592 476 862 523 nummos.⁵’
935 475 1060 523 Haec
1084 475 1114 522 J
1119 491 1238 522 anus
1265 490 1481 521 summus
1506 473 1566 520 ab
1597 472 1695 522 imo

269 557 506 607 Prodocet
530 576 539 606 :
577 560 681 607 haec
705 560 930 607 recinunt
949 560 1152 624 juvenes
1178 560 1360 606 dictata
1384 574 1634 621 senesque,
1759 559 1824 606 55

269 643 414 691 Laevo
439 645 659 706 suspensi
684 645 866 692 loculos
891 645 1198 706 tabulamque
1227 644 1422 691 lacerto.

268 727 323 775 Si
347 728 710 791 quadringentis
735 746 820 776 sex
843 737 1026 792 septem
1051 729 1200 774 millia
1232 728 1423 784 desunt,

268 812 358 861 Est
383 813 571 860 animus
595 814 698 869 tibi,
725 823 837 859 sunt
861 830 1033 872 mores,
1058 821 1106 859 et
1129 812 1312 875 lingua,
1338 813 1552 875 fidesque
1575 829 1589 870 ς

267 896 411 945 Plebs
435 896 543 944 eris.
614 897 682 942 At
705 897 842 958 pueri
865 896 1102 955 ludentes,
1130 904 1160 925 “
1179 897 1292 943 Rex
1314 897 1462 956 eris,”
1487 897 1637 952 aiunt,

723 981 749 1001 Η

267 986 294 1007 “
317 981 370 1028 Si
393 979 526 1028 recte
553 980 718 1027 facies.
822 979 922 1026 Hic
946 995 1111 1026 murus
1135 983 1318 1027 aeneus
1343 989 1460 1040 esto,
1757 981 1821 1028 60

268 1065 353 1113 Nil
380 1065 598 1113 conscire
624 1064 731 1120 sibi,
758 1063 891 1110 nulla
914 1063 1176 1127 pallescere
1197 1064 1354 1128 culpa.

267 1149 466 1209 Roscia,
492 1149 571 1196 dic
595 1149 748 1208 sodes,
775 1147 940 1195 melior
966 1148 1056 1207 lex,
1085 1164 1145 1194 an
1170 1165 1427 1211 puerorum
1451 1158 1525 1197 est

266 1233 317 1282 N
323 1235 458 1293 aenia,
484 1250 588 1296 quae
613 1249 817 1296 regnum
841 1231 969 1280 recte
996 1232 1285 1280 facientibus
1309 1234 1463 1290 offert,

267 1319 333 1367 Et
355 1319 567 1366 maribus
594 1318 754 1366 Curiis
779 1326 826 1365 et
850 1318 1106 1365 decantata
1131 1317 1348 1365 Camillis
1370 1319 1388 1364 ’ἒ

269 1405 382 1451 Isne
407 1404 494 1450 tibi
518 1403 687 1451 melius
711 1403 893 1462 suadet,
921 1402 1014 1466 qui,
1041 1419 1142 1450 rem
1168 1402 1316 1450 facias
1338 1419 1350 1460 3
1388 1419 1506 1458 rem,
1756 1402 1820 1448 65

269 1489 323 1536 Si
347 1489 513 1552 possis,
540 1486 706 1546 recte-;
745 1487 784 1534 si
810 1504 924 1542 non,
950 1503 1238 1548 quocunque
1263 1487 1405 1533 modo
1430 1502 1531 1533 rem
1552 1503 1563 1544 3

265 1572 331 1620 Ut
354 1571 547 1635 propius
573 1580 760 1634 spectes
784 1571 1053 1632 lacrymosa
1075 1574 1300 1632 poemata
1331 1570 1453 1633 Pupi
1474 1586 1485 1616 z

267 1657 350 1704 An
375 1657 455 1719 qui
481 1656 680 1703 fortunae
706 1663 752 1702 te
777 1670 1058 1716 responsare
1083 1655 1300 1716 superbae

267 1741 498 1789 Liberum
523 1748 570 1786 et
595 1747 808 1786 erectum
833 1754 1043 1800 praesens
1069 1738 1283 1785 hortatur
1308 1747 1355 1785 et
1381 1740 1549 1801 aptat‘l

331 1823 483 1876 Quod
509 1825 548 1871 si
572 1840 648 1870 me
673 1823 874 1885 populus
899 1823 1153 1869 Romanus
1178 1820 1298 1869 forte
1324 1832 1459 1885 roget
1483 1838 1568 1869 cur
1753 1824 1816 1871 70

267 1910 399 1966 Non,
425 1918 478 1956 ut
500 1908 778 1971 porticibus,
806 1907 875 1954 sic
896 1906 1091 1970 judiciis
1117 1907 1244 1954 fruar
1269 1908 1437 1964 isdem,

267 1995 377 2043 Nec
402 2010 570 2055 sequar
595 2001 676 2039 aut
701 1992 881 2055 fugiam
905 2008 1009 2054 quae
1035 1991 1203 2054 deligit
1228 1991 1328 2054 ipse
1354 1991 1428 2038 vel
1452 1991 1585 2039 odit:

267 2080 400 2127 Olim
424 2078 550 2140 quod
575 2077 738 2138 vulpes
764 2084 942 2139 aegroto
967 2085 1113 2122 cauta
1136 2075 1264 2122 leoni

266 2162 556 2225 Respondit,
584 2161 813 2207 referam:
853 2167 882 2188 “
905 2158 1041 2209 Quia
1065 2175 1141 2206 me
1166 2159 1368 2223 vestigia
1391 2169 1589 2216 terrent,

267 2248 448 2296 Omnia
471 2256 518 2294 te
544 2246 795 2292 adversum
816 2244 1102 2307 spectantia,
1124 2244 1257 2290 nulla
1277 2243 1584 2291 retrorsum.”
1755 2246 1818 2292 75

268 2332 437 2381 Bellua
476 2331 733 2378 multorum
775 2344 826 2375 es
867 2327 1079 2391 capitum
1100 2344 1112 2375 ε
1163 2344 1276 2375 nam
1316 2328 1432 2391 quid
1474 2344 1645 2390 sequar
1667 2330 1685 2374 ‘2
1735 2337 1817 2376 aut

398 2432 541 2478 quem
562 2416 580 2460 Ἰ

269 2501 386 2548 Pars
411 2500 660 2547 hominum
684 2499 828 2562 gestit
853 2499 1126 2547 conducere
1149 2498 1376 2562 publica:
1414 2506 1527 2546 sunt
1549 2497 1629 2559 qui

267 2586 456 2646 Crustis
480 2593 528 2631 et
550 2584 701 2647 pomis
726 2584 892 2630 viduas
917 2592 1151 2630 venentur
1172 2599 1350 2642 avaras,

268 2670 619 2732 Excipiamque
645 2685 785 2715 senes
809 2685 926 2731 quos
951 2669 1001 2715 in
1026 2667 1204 2714 vivaria
1228 2667 1450 2713 mittant:

265 2753 434 2801 Multis
457 2754 648 2800 occulto
672 2753 849 2800 crescit
871 2769 947 2800 res
967 2753 1166 2800 foenore.
1233 2749 1417 2798 Verum
1739 2744 1816 2796 '80

265 2837 397 2896 Esto,
424 2837 528 2883 aliis
554 2836 670 2884 alios
693 2837 838 2883 rebus
863 2836 1126 2898 studiisque
1151 2834 1306 2882 teneri
1327 2850 1341 2891 ς

266 2921 422 2970 Iidem
447 2921 614 2968 eadem
638 2929 840 2983 possunt
864 2921 1030 2968 horam
1055 2921 1228 2967 durare
1257 2917 1550 2981 probantes&

267 3010 295 3032 “
315 3005 493 3054 Nullus
516 3005 567 3052 in
590 3005 705 3053 orbe
731 3005 864 3053 sinus
889 3004 1020 3053 Baiis
1043 3004 1276 3068 praelucet
1299 3001 1553 3059 amoeniS,”
