1894 3188
554 120 814 160 CARMINU
815 120 863 160 M
888 119 994 160 LIB.
1023 121 1102 161 111.

296 245 325 293 J
329 261 403 292 am
428 244 500 291 bis
523 244 762 292 Monaeses
786 254 833 292 et
856 245 1026 293 Pacori
1045 261 1213 294 manus

298 329 411 377 Non
435 328 699 390 auspicatos
723 330 939 376 contudit
965 329 1168 392 impetus

360 411 574 471 Nostros,
599 420 646 458 et
670 412 899 474 adjecisse
922 414 1130 475 praedam

423 494 697 556 Torquibus
722 495 905 557 exiguis
929 496 1130 543 renidet.

299 577 430 626 Pena
455 586 739 640 occupatam
764 578 1073 626 seditionibus

297 662 486 710 Delevit
509 663 675 708 urbem
699 661 862 709 Dacus
886 671 933 710 et
957 663 1203 727 AEthiops3

362 746 460 795 Hic
483 745 633 793 classe
659 746 948 806 formidatus,
975 747 1054 794 ille

425 829 690 877 Missilibus
713 830 877 878 melior
902 830 1100 893 sagittis.

300 914 550 961 Foecunda
573 915 722 977 culpae
747 915 922 961 saecula
944 916 1137 977 nuptias

301 997 509 1045 Primum
533 997 838 1060 inquinavere
862 1007 909 1045 et
931 1014 1083 1060 genus
1106 1007 1154 1046 et
1176 999 1364 1048 domos:

365 1082 474 1130 Hoc
498 1084 626 1130 fonte
651 1083 859 1130 derivata
882 1083 1042 1130 clades

427 1165 486 1212 In
509 1166 710 1227 patriam
735 1166 1050 1228 populumque
1075 1166 1222 1215 fluxit.

300 1247 460 1295 Motus
483 1249 643 1295 doceri
667 1251 842 1311 gaudet
865 1250 1055 1297 Ionicos

303 1331 492 1379 Matura
515 1332 661 1395 virgo,
687 1341 734 1379 et
757 1333 948 1396 fingitur
973 1334 1150 1383 artibus
1170 1353 1182 1382 :

365 1416 473 1463 Jam
496 1432 626 1463 nunc
650 1425 697 1463 et
720 1417 926 1465 incestos
951 1435 1136 1466 amores

429 1499 504 1547 De
528 1509 692 1548 tenero
715 1502 966 1549 meditatur
990 1502 1156 1566 ungui.

301 1583 414 1631 Non
437 1584 510 1631 his
530 1585 752 1647 juventus
775 1594 877 1633 orta
894 1587 1172 1649 parentibus

301 1666 475 1715 Infecit
500 1684 653 1730 aequor
678 1670 909 1733 sanguine
934 1670 1132 1731 Punico,

367 1750 690 1814 Pyrrhumque
715 1762 762 1800 et
785 1754 1029 1817 ingentem
1053 1755 1229 1803 cecidit

429 1836 740 1893 Antiochum,
768 1837 1183 1901 Hannibalemque
1207 1839 1360 1887 dirum
1381 1858 1391 1886 :

306 1920 402 1967 Sed
426 1920 706 1968 rusticorum
732 1922 944 1968 mascula
970 1921 1172 1970 militum

303 2003 478 2062 Proles,
506 2005 706 2050 Sabellis
730 2006 870 2051 docta
892 2006 1130 2067 ligonibus

368 2087 571 2134 Versare
596 2088 770 2149 glebaS‚
796 2097 844 2134 et
871 2104 1045 2134 severae

433 2170 602 2217 Matris
627 2171 687 2216 ad
714 2171 957 2217 arbitrium
981 2171 1157 2219 recisos

303 2255 495 2302 Portare
521 2254 681 2312 fustes,
708 2254 775 2300 sol
800 2254 880 2301 ubi
907 2255 1139 2303 montium

306 2338 516 2386 Mutaret
539 2339 744 2393 umbras,
771 2347 818 2384 et
837 2338 952 2401 juga
976 2340 1187 2387 demeret

370 2422 529 2469 Bobus
554 2422 774 2485 fatigatis,
800 2423 1006 2469 amicum

435 2506 650 2568 Tempus
674 2522 820 2569 agens
844 2507 1047 2554 abeunte
1072 2523 1228 2555 curru.

305 2590 548 2637 Damnosa
570 2590 682 2652 quid
707 2607 803 2638 non
827 2591 1066 2639 imminuit
1098 2592 1235 2640 dies?

306 2674 441 2722 AEtas
463 2674 728 2736 parentum,
754 2675 883 2738 pejor
907 2676 1025 2731 avis,
1051 2676 1159 2723 tulit

366 2757 470 2804 Nos
493 2757 760 2820 nequiores,
786 2774 895 2805 mox
918 2759 1109 2807 daturos

431 2840 714 2905 Progeniem
742 2841 1044 2889 vitiosiorem.

1557 127 1621 175 59

1565 334 1625 380 10

1567 752 1626 800 15

1563 1170 1628 1218 20

1567 2009 1631 2057 30

1568 2847 1632 2894 40
