1894 3188
566 123 972 166 EPISTOLARUM
1006 123 1115 163 LIB.
1143 123 1176 163 Ι.
1235 137 1246 142 ‘
1576 123 1676 175 195

140 253 325 301 Invitus
344 269 355 311 ;
393 268 455 300 ne
478 259 615 315 turpe
640 252 776 308 toral,
801 267 862 299 ne
887 249 1081 299 sordida
1103 266 1274 314 mappa

139 338 377 400 Corruget
400 351 539 384 nares
559 352 570 394 ;
608 351 669 382 ne
688 352 785 383 non
809 343 857 383 et
881 335 1140 383 cantharus
1163 343 1212 382 et
1241 335 1354 382 lanx

140 420 380 469 Ostendat
403 419 488 467 tibi
513 428 590 476 te3
626 435 688 466 ne
714 419 832 466 fidos
856 419 979 466 inter
1004 417 1184 466 amicos

143 506 219 553 Sit
240 505 320 568 qui
339 504 467 552 dicta
490 503 616 551 foras
639 503 855 552 eliminet
875 519 888 561 3
925 511 978 550 ut
997 506 1138 550 coeat
1160 519 1244 565 par
1615 503 1683 550 25

141 587 472 650 Jungaturque
495 585 613 648 pari.
682 585 879 632 Butram
903 584 989 631 tibi
1016 584 1392 647 Septiciumque,

143 671 207 718 Et
229 671 320 718 nisi
344 686 483 717 coena
505 669 646 733 prior,
672 669 824 732 potior
849 669 1067 728 conviva,
1095 669 1329 716 Sabinum

142 755 355 811 Detinet,
381 770 620 802 assumam
642 770 652 801 ε
688 754 822 801 locus
847 762 919 801 est
942 762 990 801 et
1013 754 1228 816 pluribus
1253 752 1433 800 umbris
1451 769 1465 812 3

141 840 241 887 Sed
265 839 406 886 nimis
431 847 562 886 arcta
583 847 807 901 premunt
829 838 967 885 olidae
994 838 1213 886 convivia
1248 854 1417 901 caprae.

209 922 305 983 Tu,
330 931 500 986 quotus
523 939 628 969 esse
653 922 784 982 velis,
811 922 1021 969 rescribe
1044 940 1054 980 ;
1092 930 1155 978 et,
1182 922 1324 970 rebus
1346 920 1547 981 omissiS‚
1620 922 1687 970 30

141 1007 284 1056 Atria
306 1017 572 1056 servantem
597 1007 781 1070 postico
806 1007 914 1055 falle
939 1007 1181 1055 clientem.

646 1418 991 1468 EPISTOLA
1027 1418 1115 1466 VI.

693 1568 760 1598 AD
785 1566 1062 1599 NUMICIUM.

140 1685 241 1735 Nn,
265 1684 490 1733 admirari
513 1683 660 1749 prope
685 1700 762 1731 res
785 1693 859 1732 est
882 1700 995 1740 una,
1021 1684 1237 1744 Numici,

140 1770 360 1833 Solaque,
386 1786 489 1832 quae
512 1769 662 1833 possit
687 1769 844 1816 facere
870 1777 918 1815 et
941 1785 1127 1816 servare
1153 1769 1359 1817 beatum.

141 1854 290 1901 Hunc
314 1855 460 1902 solem
484 1863 532 1902 et
555 1854 714 1901 stellas
739 1862 786 1900 et
810 1854 1096 1901 decedentia
1120 1854 1264 1901 certis

139 1938 384 2001 Tempora
410 1939 664 1986 momentis
689 1947 800 1984 sunt
823 1938 901 1999 qui
929 1938 1182 1984 formidine
1206 1938 1338 1984 nulla

145 2021 324 2069 Imbuti
350 2030 595 2084 spectent:
632 2022 744 2083 quid
769 2037 939 2068 censes
963 2038 1165 2068 munera
1188 2029 1324 2068 terrae
1345 2022 1364 2067 Τ
1656 2022 1688 2068 5

139 2105 279 2157 Quid
306 2106 450 2153 maris
473 2115 710 2153 extremos
730 2105 917 2152 Arabas
942 2105 1138 2152 ditantis
1162 2114 1209 2152 et
1233 2105 1416 2152 Indos‘!

143 2189 354 2237 Ludicra
377 2190 506 2252 quid,
531 2189 738 2252 plausus,
765 2198 813 2237 et
837 2189 980 2236 amici
1005 2191 1130 2236 dona
1151 2189 1360 2240 Quiritis
1381 2190 1401 2235 2

141 2273 259 2325 Quo
283 2274 547 2337 spectanda
570 2275 728 2330 modo,
753 2290 846 2335 quo
871 2290 1013 2321 sensu
1038 2274 1195 2321 credis
1219 2282 1266 2320 et
1288 2274 1406 2321 ore'?

141 2357 247 2410 Qui
270 2358 405 2405 timet
429 2358 501 2405 his
525 2358 735 2417 adversa,
762 2358 858 2405 fere
884 2358 1081 2405 miratur
1100 2359 1284 2417 eodem,

143 2441 260 2493 Quo
283 2442 502 2505 cupiens,
527 2450 698 2505 pacto:
730 2458 872 2505 pavor
897 2452 969 2489 est
992 2442 1243 2504 utrobique
1268 2442 1527 2489 molestus:
1626 2443 1687 2489 10

145 2526 406 2590 Improvisa
429 2527 568 2573 simul
593 2526 778 2589 species
803 2535 1008 2574 exterret
1032 2535 1301 2589 utrumque.

141 2611 381 2666 Gaudeat,
407 2627 468 2657 an
493 2611 681 2668 doleat3
719 2610 895 2673 cupiat,
922 2619 1167 2658 metuatne
1188 2629 1198 2668 3
1237 2610 1351 2673 quid
1375 2611 1435 2658 ad
1458 2626 1575 2667 rem,

145 2695 213 2754 Si,
238 2695 467 2757 quidquid
492 2695 609 2743 vidit
632 2695 802 2742 melius
820 2696 1015 2759 pejusve
1039 2697 1125 2742 sua
1149 2711 1246 2758 spe,

142 2778 325 2826 Defixis
347 2780 499 2827 oculis
524 2780 776 2842 animoque
801 2791 850 2827 et
873 2795 1070 2842 corpore
1096 2788 1254 2842 torpet
1274 2781 1293 2826 Ἰ

145 2862 313 2910 Insani
338 2864 526 2926 sapiens
550 2880 726 2911 nomen
755 2863 889 2920 ferat,
917 2880 1080 2925 aequus
1106 2863 1272 2926 iniqui,
1626 2865 1686 2912 15

143 2945 280 2994 Ultra
302 2946 444 3010 quam
469 2947 584 2995 satis
608 2957 680 2996 est
704 2948 926 2995 virtutem
952 2948 991 2995 si
1016 2956 1146 3011 petat
1170 2948 1336 3011 ipsam.

209 3029 234 3077 I
257 3046 405 3088 nunc,
432 3040 699 3096 argentum,
726 3040 774 3080 et
797 3048 1004 3080 marmor
1029 3040 1178 3093 vetus,
1205 3047 1409 3096 aeraque,
1435 3040 1484 3081 et
1508 3040 1634 3080 artes
