1894 3188
210 83 316 133 228
733 77 784 124 Q.
813 76 1052 117 HORATII
1088 77 1293 118 FLACCI

277 205 331 254 Si
350 205 452 267 quis
477 204 736 252 amicorum
761 212 832 250 est
856 220 997 250 ausus
1021 204 1303 266 reprendere
1328 219 1540 263 versum3

277 289 445 341 Quum
469 290 574 337 loca
593 289 689 352 jam
716 288 914 335 recitata
935 288 1215 335 revolvimus
1240 288 1512 346 irrevocati3

278 372 445 424 Quum
470 374 782 420 lamentamur
807 388 902 418 non
929 388 1150 435 apparere
1175 373 1358 435 labores

279 457 479 506 Nostros
503 466 550 504 et
572 457 704 520 tenui
729 457 933 503 deducta
956 460 1174 518 poemata
1197 457 1303 513 filo;
1703 456 1801 503 225

277 542 445 593 Quum
470 558 711 604 speramus
734 539 791 587 eo
816 557 916 587 rem
941 549 1198 598 venturam,
1225 548 1291 594 ut,
1318 540 1455 586 simul
1480 547 1617 602 atque

280 625 510 674 Carmina
532 625 748 672 rescieris
772 641 857 671 nos
881 624 1075 687 fingere,
1101 625 1376 671 commodus
1400 625 1521 671 ultro

281 710 528 764 Arcessas‚
554 718 601 756 et
625 725 765 771 egere
791 717 933 763 vetes,
960 717 1007 754 et
1031 708 1235 754 scribere
1255 725 1411 771 cogas.

283 793 380 841 Sed
404 802 564 839 tamen
589 801 659 838 est
683 808 834 854 operae
858 792 1058 854 pretium
1084 808 1371 854 cognoscere
1395 792 1555 854 quales

282 878 503 925 AEdituos
527 877 698 923 habeat
722 876 831 922 belli
857 884 1067 937 spectata
1098 876 1315 937 domique
1705 875 1804 922 230

284 962 462 1020 Virtus,
490 961 686 1022 indigno
709 975 806 1006 non
831 959 1168 1005 committenda
1203 962 1368 1020 poetae.

283 1045 459 1092 Gratus
484 1044 757 1091 Alexandro
782 1043 883 1105 regi
908 1042 1087 1105 Magno
1110 1043 1196 1090 fuit
1221 1043 1297 1088 ille

286 1129 537 1187 Choerilus,
564 1127 756 1174 incultis
779 1127 859 1188 qui
883 1127 1094 1173 versibus
1118 1135 1165 1172 et
1188 1126 1306 1172 male
1327 1127 1449 1172 natis

285 1213 493 1261 Rettulit
517 1221 751 1274 acceptos,
777 1211 934 1274 regale
959 1211 1209 1266 numisma,
1237 1211 1490 1273 Philippos.

287 1298 398 1352 Sed,
424 1297 568 1342 veluti
592 1304 791 1342 tractata
815 1304 973 1342 notam
997 1296 1243 1357 labemque
1269 1296 1513 1342 remittunt
1706 1295 1803 1342 235

282 1380 580 1439 *Atramenta‚
608 1380 702 1426 fere
729 1380 978 1442 scriptores
1003 1380 1210 1426 carmine
1237 1380 1359 1426 foedo

290 1464 548 1526 Splendida
574 1464 696 1509 facta
720 1464 889 1510 linunt.
959 1463 1093 1509 Idem
1113 1479 1195 1508 rex
1221 1463 1309 1520 ille,
1336 1466 1504 1523 poema

285 1546 388 1596 Qui
413 1556 508 1592 tam
532 1546 782 1592 ridiculum
809 1554 904 1591 tam
929 1544 1034 1591 care
1058 1545 1282 1606 prodigus
1306 1545 1434 1599 emit,

289 1629 461 1676 Edicto
484 1629 630 1675 vetuit
655 1645 714 1674 ne
738 1628 842 1690 quis
865 1644 930 1684 se,
955 1637 1122 1690 praeter
1147 1629 1366 1690 Apellen,

288 1712 528 1774 Pingeret,
555 1720 634 1758 aut
659 1712 776 1757 alius
801 1711 1006 1773 Lysippo
1031 1712 1227 1758 duceret
1253 1728 1344 1757 aera
1708 1712 1806 1759 240

290 1796 447 1843 Fortis
472 1795 731 1841 Alexandri
756 1795 936 1840 vultum
961 1794 1245 1840 simulantia.
1314 1793 1459 1844 Quod
1484 1795 1522 1840 si

290 1879 320 1926 J
325 1880 534 1926 udicium
560 1879 729 1924 subtile
754 1878 968 1924 videndis
994 1878 1170 1924 artibus
1195 1878 1309 1924 illud

290 1963 369 2009 Ad
392 1963 534 2009 libros
558 1971 605 2009 et
630 1963 687 2008 ad
714 1963 816 2009 haec
841 1961 1088 2008 Musarum
1114 1963 1237 2009 dona
1261 1978 1467 2018 vocares,

292 2046 504 2094 Boeotsnn
529 2046 577 2092 in
603 2062 759 2093 crasso
779 2046 962 2108 jurares
986 2049 1095 2092 aere
1120 2055 1296 2092 natum.

293 2131 360 2177 At
384 2146 536 2191 neque
561 2130 849 2176 dedecorant
871 2137 956 2176 tua
978 2130 1037 2176 de
1062 2145 1111 2176 se
1131 2130 1311 2193 judicia
1335 2139 1472 2191 atque
1710 2131 1808 2177 245

293 2214 513 2272 Munera,
539 2230 641 2274 quae
665 2213 811 2259 multa
834 2213 989 2259 dantis
1012 2229 1122 2260 cum
1145 2214 1283 2259 laude
1307 2214 1515 2260 tulerunt

294 2297 471 2344 Dilecti
495 2297 580 2343 tibi
604 2296 832 2359 Virgilius
856 2296 1120 2358 Variusque
1144 2300 1295 2358 poetae
1317 2313 1327 2342 :

295 2379 402 2426 Nec
426 2377 577 2442 magis
601 2379 808 2441 expressi
832 2379 986 2426 vultus
1008 2395 1090 2442 per
1116 2383 1265 2426 aenea
1289 2380 1424 2442 signa

293 2461 457 2514 Quam
481 2479 562 2525 per
587 2462 704 2508 vatis
727 2478 844 2524 opus
867 2478 1020 2509 mores
1046 2462 1282 2524 animique
1307 2463 1510 2508 virorum

295 2545 544 2592 Clarorum
566 2554 805 2608 apparent.
873 2545 921 2592 N
925 2561 982 2592 ec
1006 2562 1245 2593 sermones
1269 2562 1356 2608 ego
1380 2545 1568 2592 mallem
1714 2545 1811 2593 250

296 2629 541 2691 Repentes
564 2645 646 2692 per
671 2630 883 2684 humum,
909 2627 1050 2691 quam
1073 2646 1147 2676 res
1172 2644 1453 2691 componere
1477 2635 1645 2691 gestas,

297 2711 646 2774 Terrarumque
672 2712 786 2759 situs
814 2724 861 2758 et
884 2711 1080 2759 flumina
1103 2713 1276 2767 dicere,
1302 2720 1349 2758 et
1373 2726 1505 2757 arces

299 2792 542 2841 Montibus
567 2795 820 2858 impositas,
846 2803 893 2842 et
916 2795 1114 2842 barbara
1136 2811 1297 2858 regna,
1323 2794 1506 2856 tuisque

299 2877 540 2940 Auspiciis
563 2887 713 2926 totum
737 2878 956 2927 confecta
978 2879 1138 2926 duella
1159 2894 1242 2941 per
1265 2877 1441 2936 orbem,

300 2959 610 3024 claustraque
635 2963 880 3011 custodem
902 2962 1034 3026 pacis
1057 2961 1330 3011 cohibentia
1353 2961 1382 3008 J
1386 2975 1543 3020 anum,
1720 2959 1818 3007 255
