1894 3188
201 139 299 188 166
731 132 782 177 Q.
812 129 1052 169 HORATII
1080 128 1288 169 FLACCI
1318 181 1322 185 f

264 262 317 309 Si
342 259 573 326 puerilius
597 258 671 306 his
694 257 815 304 ratio
839 271 944 303 esse
968 255 1157 303 evincet
1183 271 1341 304 amare
1363 272 1376 313 3

262 345 372 394 Nec
395 344 653 407 quidquam
679 342 884 400 differre,
910 349 1134 387 utrumne
1159 340 1209 387 in
1233 340 1443 402 pulvere,
1470 329 1639 390 trimus
1708 344 1808 391 250

260 426 425 478 Quale
448 425 596 489 prius,
621 425 758 471 ludas
782 438 914 485 opus,
942 438 1003 469 an
1028 421 1292 469 meretricis
1321 437 1481 469 amore

261 510 507 559 Sollicitus
531 510 687 572 plores
708 525 719 553 ι
756 523 930 570 quaero,
960 506 1171 553 faciasne
1196 506 1321 576 quod
1347 506 1460 554 olim

260 595 478 643 Mutatus
502 594 732 642 Polemon
754 594 772 638 ’ἱ
809 608 958 655 ponas
982 591 1192 653 insignia
1216 591 1385 647 morbi,

259 679 523 735 Fasciolas,
549 677 746 733 cubital‚
774 676 960 732 focalia,
986 684 1125 738 potus
1150 689 1203 721 ut
1226 675 1305 722 ille

259 763 451 812 Dicitur
476 779 537 810 ex
559 762 681 809 collo
707 761 869 808 furtim
895 760 1131 822 carpsisse
1156 776 1374 816 coronas,
1709 761 1807 808 255

259 849 515 910 Postquam
541 854 616 893 est
640 845 869 908 impransi
894 852 1141 906 correptus
1166 860 1282 891 voce
1308 843 1522 907 magistri
1544 846 1562 891 ‘2

259 931 494 994 Porrrigis
519 931 639 978 irato
663 946 810 992 puero
835 945 982 991 quum
1005 944 1160 990 poma,
1186 935 1378 974 recusat
1399 945 1410 974 :

261 1022 272 1041 ‘
299 1016 460 1075 Sume,
489 1014 674 1062 Catelle
695 1015 736 1071 ς’
775 1021 951 1076 negat:
989 1012 1029 1059 si
1054 1028 1151 1059 non
1176 1013 1277 1068 des,
1302 1020 1447 1075 optat.
1518 996 1730 1061 Amator⁴

258 1101 498 1149 Exclusus
522 1098 603 1162 qui
627 1099 785 1157 distat,
813 1098 911 1160 agit
935 1097 1018 1144 ubi
1044 1113 1223 1157 secum,
1251 1105 1328 1144 eat
1353 1114 1414 1145 an
1443 1114 1540 1145 non

259 1183 376 1236 Quo
401 1184 640 1231 rediturus
664 1191 765 1230 erat
789 1199 886 1229 non
911 1182 1181 1241 arcessitus,
1209 1190 1256 1229 et
1281 1182 1428 1230 haeret
1709 1182 1806 1230 260

258 1269 433 1317 Invisis
458 1268 674 1315 foribus?
714 1267 820 1314 ‘Ne
844 1283 992 1323 nunc,
1018 1283 1164 1329 quum
1189 1283 1265 1314 me
1290 1275 1430 1314 vocat
1453 1267 1593 1324 ultro,

259 1353 511 1400 Accedam
533 1354 551 1398 Ἰ
590 1368 650 1398 an
676 1350 836 1414 potius
859 1351 1063 1398 mediter
1088 1351 1225 1398 finire
1251 1351 1474 1399 dolores?

258 1437 491 1496 Exclusit,
517 1444 709 1484 revocat
730 1453 740 1482 :
777 1436 972 1483 redeam
994 1437 1012 1482 Τ
1050 1452 1164 1492 non,
1190 1435 1229 1482 si
1254 1435 1505 1483 obsecret-⁹
1574 1435 1707 1483 Ecce

259 1522 452 1577 SerVUS,
479 1537 576 1568 non
599 1517 744 1583 paulo
770 1519 1057 1582 sapientior:
1097 1528 1109 1549 ⁴
1127 1520 1173 1567 Ο
1199 1521 1329 1576 here,
1355 1536 1459 1582 quae
1484 1535 1561 1566 res
1708 1519 1806 1567 264

255 1605 367 1653 Nec
386 1605 581 1652 modum
602 1604 759 1663 habet,
777 1620 932 1665 neque
953 1603 1222 1662 consilium,
1243 1604 1428 1652 ratione
1449 1605 1684 1666 modoque

256 1688 485 1737 Tractari
508 1704 606 1735 non
630 1687 744 1735 vult.
815 1687 874 1734 In
900 1704 1059 1734 amore
1084 1688 1189 1734 haec
1214 1696 1324 1734 sunt
1349 1688 1473 1735 mala
1493 1705 1504 1746 3
1544 1688 1738 1743 bellum,

256 1773 358 1820 Pax
380 1789 568 1819 rursum
591 1789 602 1818 z
639 1773 743 1819 liaec
769 1771 808 1818 si
832 1772 952 1833 quis,
977 1772 1273 1833 tempestatis
1296 1771 1444 1835 prope
1470 1772 1564 1819 ritu

257 1855 459 1904 Mobilia
482 1865 530 1903 et
553 1858 684 1903 caeca
708 1855 944 1902 fluitantia
969 1864 1109 1911 sorte,
1136 1856 1319 1902 laboret

255 1942 485 1988 Reddere
510 1949 646 1987 certa
669 1941 773 1999 sibi,
801 1939 951 1986 nihilo
975 1939 1081 2001 plus
1105 1939 1311 2000 explicet
1337 1956 1393 1985 ac
1418 1940 1457 1985 si

255 2025 474 2072 Insanire
499 2031 633 2087 paret
657 2024 787 2070 certa
811 2023 994 2069 ratione
1019 2023 1284 2083 modoque.'
1706 2024 1804 2070 270

251 2109 390 2159 Quid
412 2110 429 2154 Ἰ
468 2124 628 2170 quum,
655 2106 847 2153 Picenis
872 2122 1136 2168 excerpens
1161 2106 1346 2153 semina
1369 2107 1536 2168 pomis,

254 2193 449 2240 Gaudes
474 2192 513 2239 si
538 2207 779 2238 cameram
803 2190 1010 2252 percusti
1035 2188 1169 2248 forte,
1196 2206 1345 2252 penes
1369 2199 1416 2237 te
1452 2192 1537 2238 es?

254 2277 425 2328 Quid?
461 2292 607 2338 quum
632 2276 773 2322 balba
797 2275 909 2321 feris
935 2291 1118 2321 annoso
1142 2276 1284 2321 verba
1308 2275 1481 2337 palato,

255 2360 547 2409 AEdificante
574 2375 709 2406 casas
735 2358 816 2420 qui
843 2358 1001 2405 sanior
1023 2360 1040 2403 '3
1079 2359 1222 2404 Adde
1251 2375 1471 2405 cruorem
1704 2359 1802 2406 274

255 2444 496 2503 Stultitiae‚
515 2452 654 2505 atque
671 2443 832 2505 ignem
849 2442 1008 2504 gladio
1024 2451 1252 2489 scrutare.
1291 2442 1456 2498 Modo,
1474 2442 1683 2505 inquam,

254 2529 460 2576 Hellade
484 2529 709 2591 percussa
734 2527 918 2573 Marius
942 2543 1088 2588 quum
1112 2526 1377 2588 praecipitat
1402 2542 1468 2582 se,

255 2613 472 2660 Cerritus
497 2612 623 2658 fuit?
663 2628 724 2658 an
749 2619 999 2657 commotae
1024 2610 1225 2657 crimine
1250 2610 1424 2656 mentis

256 2697 491 2743 Absolves
517 2695 776 2750 hominem,
803 2702 850 2741 et
875 2694 1069 2740 sceleris
1093 2693 1341 2740 damnabis
1377 2693 1599 2749 eundem,

256 2780 331 2827 Ex
355 2796 484 2826 more
510 2779 762 2842 imponens
786 2787 991 2840 cognata
1015 2777 1246 2824 vocabula
1269 2779 1411 2824 rebus
1433 2779 1451 2822 Ἰ

255 2865 531 2912 Libertinus
555 2872 673 2919 erat,
699 2863 779 2924 qui
803 2862 987 2909 circum
1012 2862 1219 2923 compita
1243 2861 1401 2907 siccus
1700 2860 1797 2907 280

255 2949 424 2997 Lautis
449 2946 589 2995 mane
616 2963 764 2994 senex
787 2946 1009 2993 manibus
1033 2945 1254 2992 currebat
1275 2961 1287 3001 3
1325 2952 1385 3002 et,
1414 2951 1426 2972 ‘
1449 2943 1644 2999 Unum,’

253 3033 504 3085 Quiddam
528 3048 759 3095 magnum
785 3030 984 3086 addens,
1012 3035 1189 3076 ‘unum
1214 3044 1290 3075 me
1317 3027 1495 3090 surpite
1520 3026 1676 3082 morti,
