1894 3188
721 97 778 143 Q.
794 93 1045 137 'HORATII
1074 97 1216 137 FLAC
1223 98 1277 137 CI

818 307 958 355 ODE
993 308 1188 356 XXIX.

645 458 711 488 AD
748 458 1023 490 FORTUNAM
1059 459 1341 491 ANTIATEM.

392 575 437 622 O
465 592 595 634 οῑνΑ,
620 578 810 638 gratum
834 593 938 638 quae
964 577 1089 640 regis
1114 577 1351 633 Antium,

390 660 608 707 Praesens
631 661 704 707 vel
729 660 825 707 imo
849 661 1014 708 tollere
1033 662 1092 708 de
1117 663 1269 725 gradu

455 743 661 812 Mortale
687 761 872 808 corpus,
898 745 972 792 vel
998 746 1225 808 superbos

521 829 720 876 Vertere
746 829 994 876 funeribus
1019 830 1311 892 triumphos:

388 912 464 959 Te
488 929 668 975 pauper
693 913 840 960 ambit
864 914 1064 961 sollicita
1092 931 1234 976 prece

388 997 538 1044 Ruris
563 998 789 1054 colonus3
829 1007 872 1044 te
898 999 1140 1045 dominam
1165 1000 1382 1061 aequoriS,

452 1081 749 1144 Quicunque
774 1081 981 1144 Bithyna
1005 1082 1197 1130 lacessit

518 1166 830 1229 Carpathium
854 1167 1052 1230 pelagus
1077 1168 1254 1214 carina.

388 1251 463 1298 Te
488 1251 653 1298 Dacus
678 1268 829 1314 asper,
855 1259 902 1297 te
925 1252 1112 1314 profugi
1138 1253 1347 1314 Scyfflae,

386 1335 650 1397 Urbesque,
676 1343 952 1398 gentesque,
979 1344 1026 1381 et
1051 1335 1240 1381 Latium
1265 1336 1409 1394 ferox,

453 1419 740 1482 Regumque
766 1427 939 1465 matres
964 1419 1283 1477 barbarorum,
1309 1428 1358 1466 et

518 1503 750 1565 Purpurei
775 1511 994 1549 metuunt
1017 1503 1224 1564 tyranni,

387 1587 624 1650 Injurioso
648 1603 709 1633 ne
732 1587 854 1649 pede
878 1603 1075 1649 proruas

388 1673 604 1719 Stantem
629 1672 914 1730 columnam,
941 1688 1035 1718 neu
1058 1671 1259 1733 populus
1283 1671 1504 1732 frequens

453 1758 526 1804 Ad
551 1773 682 1803 arma
705 1765 947 1803 cessantes
972 1756 1031 1802 ad
1056 1772 1189 1802 arma

518 1840 758 1895 Concitet,
785 1840 1127 1902 imperiumque
1154 1840 1353 1902 frangat.

387 1925 463 1973 Te
489 1941 672 1987 semper
698 1924 847 1971 anteit
870 1940 999 1970 saeva
1021 1924 1316 1980 Necessitas,

387 2010 558 2057 Clavos
581 2009 787 2055 trabales
811 2017 858 2054 et
883 2024 1062 2055 cuneos
1086 2025 1229 2054 manu

452 2092 658 2138 Gestaris
683 2091 835 2137 ahena
857 2106 869 2146 3
907 2106 998 2136 nec
1023 2105 1214 2135 severus

517 2175 683 2222 Uncus
708 2175 855 2230 abest,
881 2174 1204 2235 liquidumque
1228 2173 1487 2236 plumbum.

387 2259 463 2306 Te
489 2260 609 2321 Spes
632 2267 679 2304 et
703 2258 809 2304 albo
832 2275 937 2304 rara
960 2258 1105 2304 Fides
1129 2258 1241 2304 colit

386 2343 559 2390 Velata
581 2359 740 2405 panno
761 2359 773 2399 ς
810 2358 902 2388 nec
927 2342 1149 2388 comitem
1169 2342 1389 2404 abnegat,

451 2427 704 2487 Utcunque
729 2428 908 2472 mutata
930 2435 1147 2487 potentes

517 2511 664 2556 Veste
689 2511 852 2556 domos
877 2509 1072 2555 inimica
1093 2510 1281 2570 linquis.

387 2596 453 2642 At
476 2595 645 2657 vulgus
670 2594 868 2640 infidum
894 2602 942 2640 et
965 2594 1187 2640 meretrix
1209 2603 1334 2640 retro

387 2679 582 2741 Perjura
605 2678 764 2725 cedit:
802 2677 1058 2740 diffugiunt
1083 2677 1214 2724 cadis

453 2763 578 2809 Cum
603 2762 720 2808 faece
745 2761 935 2808 siccatis
969 2761 1127 2816 amici,

517 2847 664 2893 Ferre
684 2846 854 2909 jugum
878 2845 1051 2908 pariter
1075 2845 1237 2892 dolosi.

389 2931 558 2978 Serves
583 2930 754 2976 iturum
781 2930 1019 2976 Caesarem
1046 2930 1095 2975 in
1119 2929 1308 2976 ultimos

386 3014 530 3061 Orbis
553 3014 823 3069 Britannos,
850 3023 896 3060 et
916 3014 1144 3076 juvenum
1167 3029 1337 3060 recens

1756 918 1789 963 Ο(

1729 1337 1788 1382 10

1718 2594 1760 2639 {o

1758 2612 1781 2639 'ud
1759 2595 1780 2604 ἶ

1719 3014 1781 3059 30
