1894 3188
600 80 1004 120 EPISTOLARUM
1039 80 1145 119 LIB.
1177 80 1208 118 1.

180 207 523 255 Grammaticus
546 205 722 252 ambire
747 206 896 252 tribus
919 213 967 252 et
989 205 1169 267 pulpita
1192 204 1386 267 dignor:

183 291 313 338 Hinc
336 291 426 337 illae
449 290 680 351 lacrymae.
751 289 924 352 Spissis
948 288 1143 351 indigna
1167 288 1360 335 theatris

183 374 370 436 Scripta
390 374 535 437 pudet
558 372 771 431 recitare,
796 382 844 419 et
867 372 1007 435 nugis
1031 372 1204 418 addere
1228 372 1425 433 pondus,

187 457 238 504 Si
264 457 361 504 dixi
383 473 393 502 :
431 465 460 486 “
482 456 682 512 Rides‚''
710 456 787 515 ait,
816 461 842 481 “
863 465 910 503 et
934 456 1063 503 Jovis
1087 455 1279 502 auribus
1304 455 1392 503 ista

184 541 352 588 Servas
374 557 384 586 ε
420 540 525 586 fidis
548 540 673 586 enim
701 556 894 587 manare
917 540 1106 602 poetica
1130 539 1269 586 mella

183 624 258 671 Te
283 625 447 680 solum,
472 624 556 670 tibi
581 624 825 686 pulcher.''
896 625 974 671 Ad
1000 625 1101 671 haec
1125 640 1216 687 ego
1241 623 1437 672 naribus
1459 625 1527 672 uti

183 707 436 755 Formido:
472 717 533 767 et,
558 708 781 755 luctantis
806 717 946 756 acuto
969 726 1029 756 ne
1051 725 1184 755 secer
1210 708 1374 771 ungui,

184 797 209 816 “
231 792 460 854 Displicet
483 792 570 839 iste
593 793 775 852 locus‚'’
801 793 968 849 clamo,
995 802 1041 840 et
1066 793 1245 840 diludia
1268 808 1426 855 posco.

182 876 344 922 Ludus
368 877 494 923 enim
518 878 683 940 genuit
707 878 939 940 trepidum
965 886 1207 925 certarnen
1232 886 1279 925 et
1302 878 1437 937 iram,

181 959 258 1006 Ira
281 968 439 1007 truces
461 960 734 1008 inimicitias
757 970 805 1008 et
829 962 1026 1009 funebre
1054 961 1241 1009 bellum.

662 1380 1001 1428 EPISTOLA
1036 1381 1152 1428 XX.

675 1528 742 1559 AD
766 1529 959 1561 LIBRUM
983 1530 1132 1562 SUUM.

178 1646 509 1695 VERTUMNUM
536 1645 563 1692 J
568 1661 818 1707 anumque,
843 1646 976 1705 liber,
1003 1654 1216 1709 spectare
1240 1646 1446 1705 videris;

178 1731 374 1778 Scilicet
398 1740 448 1778 ut
471 1740 649 1793 prostes
676 1731 915 1778 Sosiorum
941 1732 1130 1793 pumice
1155 1733 1374 1779 mundus.

176 1815 335 1862 Odisti
360 1816 515 1862 claves
540 1824 586 1861 et
611 1824 744 1877 grata
768 1815 921 1878 sigilla
945 1816 1146 1878 pudico:

176 1898 351 1945 Paucis
374 1888 558 1945 ostendi
583 1899 749 1960 gemis,
775 1907 822 1944 et
846 1899 1118 1945 communia
1142 1900 1320 1958 laudas,

177 1981 289 2029 Non
309 1982 374 2027 ita
397 1982 615 2027 nutritus.
640 2028 643 2031 ,
686 1981 820 2043 Fuge
845 1980 935 2042 quo
961 1983 1254 2028 descendere
1279 1981 1456 2045 gestis:

177 2065 289 2112 Non
314 2065 402 2112 erit
425 2064 597 2110 emisso
622 2064 799 2110 reditus
824 2064 921 2110 tibi.
993 2073 1020 2113 ‘.‘
1039 2065 1173 2115 Quid
1200 2065 1340 2112 miser
1371 2066 1448 2129 egi
1469 2068 1487 2112 ‘l

177 2147 312 2199 Quid
336 2148 459 2194 volui
482 2149 526 2192 3’
535 2147 729 2202 ’dices‚
751 2147 831 2193 ubi
856 2147 967 2209 quid
991 2156 1037 2194 te
1062 2149 1247 2195 laeserit.
1317 2149 1380 2196 Et
1402 2150 1495 2198 scis

177 2229 235 2276 In
260 2229 399 2275 breve
424 2236 470 2274 te
496 2228 616 2290 cogi,
643 2228 811 2290 plenus
836 2245 978 2290 quum
1003 2229 1197 2293 languet
1222 2239 1429 2313 amatorf>

177 2311 326 2363 Quod
351 2311 390 2358 si
414 2328 508 2358 non
535 2312 643 2358 odio
667 2312 913 2373 peccantis
938 2313 1108 2375 desipit
1132 2330 1297 2377 augur,
1332 2369 1334 2371 v

178 2395 331 2444 Carus
355 2395 448 2442 eris
472 2395 658 2451 Rome,
685 2396 837 2443 donec
862 2405 907 2443 te
932 2397 1117 2444 deserat
1141 2407 1266 2445 aetas.
1300 2406 1305 2427 '·

160 2468 512 2528 Contrectatus
536 2479 616 2526 ubi
641 2480 858 2527 manibus
882 2482 1153 2528 sordescere
1189 2465 1370 2545 vulgi}

178 2564 406 2628 Coeperis,
434 2574 513 2610 aut
536 2563 688 2609 tineas
710 2580 876 2625 pasces
899 2566 1161 2612 taciturnus
1185 2566 1376 2623 inertes,

177 2649 277 2695 Aut
300 2648 452 2711 fugies
476 2647 679 2705 Uticam,
708 2656 788 2693 aut
812 2647 997 2696 vinctus
1022 2649 1221 2696 mitteris
1246 2650 1466 2698 Ilerdam.

177 2731 377 2779 Ridebit
400 2731 602 2777 monitor
628 2747 723 2777 non
745 2733 1023 2790 exauditus3
1060 2742 1111 2779 ut
1136 2733 1213 2780 ille

172 2815 275 2866 Qui
300 2813 423 2862 male
447 2824 689 2877 parentem
715 2815 763 2861 in
787 2832 927 2878 rupes
949 2817 1171 2879 protrusit
1196 2817 1393 2865 asellum

177 2898 360 2945 Iratus:
397 2899 502 2960 quis
525 2900 653 2946 enim
680 2900 877 2947 invitum
905 2917 1090 2948 servare
1123 2901 1337 2950 laboret'!

176 2981 285 3030 Hoc
308 2998 493 3046 quoque
518 2991 562 3032 te
587 2992 764 3041 manet,
791 2993 842 3031 ut
863 3001 1033 3048 pueros
1057 2985 1293 3034 elementa
1321 2987 1572 3035 docentem

1637 624 1700 672 45

1644 2401 1704 2449 10

1649 2821 1710 2868 15
