1894 3188
187 149 256 197 62

716 139 769 187 Q.
797 136 1038 178 HORATII
1064 135 1208 176 FLAC
1215 135 1271 176 CI

453 265 719 332 Splendide
745 265 967 324 mendax,
993 273 1041 312 et
1065 264 1116 311 in
1140 279 1282 312 omne
1306 262 1440 327 virgo

852 346 1045 394 Nobilis
1070 361 1253 393 aevum:

455 443 487 466 “
505 435 708 498 Surge‚'’
735 448 840 495 quae
865 431 985 478 dixit
1003 430 1169 493 juveni
1193 430 1379 486 marito,

457 527 488 550 “
502 519 674 582 Surge,
698 533 761 565 ne
784 517 957 579 longus
979 515 1068 561 tibi
1093 530 1302 574 somnus,
1327 514 1458 562 unde

455 603 570 653 Non
593 603 752 659 times,
778 601 945 648 detur:
983 615 1206 647 socerum
1230 608 1280 647 et
1302 599 1532 648 scelestas

857 685 992 732 Falle
1017 700 1203 732 sorores
1223 700 1236 741 3

456 772 602 829 Quae,
627 771 758 819 velut
780 779 935 819 naotae
960 769 1133 817 vitulos
1155 769 1335 829 leaenae,

461 857 705 920 Singulos,
731 854 884 902 eheu!
922 855 1152 902 lacerant.
1223 854 1346 917 Ego,
1372 853 1467 901 illis

463 940 673 996 Mollior,
699 956 793 987 neo
817 948 864 986 te
889 939 1074 998 feriam,
1101 954 1256 1000 neque
1281 938 1406 985 intra

861 1023 1084 1070 Claustra
1111 1023 1303 1070 tenebo.

466 1111 554 1159 Me
576 1117 711 1173 pater
737 1107 873 1156 saevis
896 1115 1064 1156 oneret
1087 1107 1285 1167 eatenis,

465 1194 618 1246 Quod
641 1194 742 1242 viro
766 1194 981 1241 clemens
1004 1192 1179 1240 misero
1201 1192 1396 1255 peperci
1417 1209 1428 1249 ;

469 1279 553 1328 Me
577 1279 650 1326 vel
675 1287 914 1326 extremos
939 1277 1265 1324 Numidarum
1290 1277 1339 1324 in
1365 1291 1502 1340 agros

867 1362 1036 1409 Classe
1061 1362 1256 1424 releget.

473 1449 497 1495 I
520 1449 668 1511 pedes
690 1446 784 1510 quo
811 1456 857 1494 te
881 1447 1073 1509 rapiunt
1096 1455 1144 1493 et
1168 1462 1310 1500 aurae,

472 1532 602 1580 Dum
623 1533 755 1579 favet
777 1548 874 1578 nox
897 1539 944 1576 et
966 1530 1136 1576 Venus
1157 1546 1168 1575 z
1206 1529 1221 1576 i
1257 1529 1471 1576 secundo

476 1617 672 1673 Omine,
698 1624 747 1663 et
770 1615 919 1662 nostri
944 1630 1204 1660 memorem
1231 1613 1451 1675 sepulcro

873 1699 1047 1760 Scalpe
1071 1698 1360 1759 querelam.⁷'

888 2138 1030 2187 ODE
1065 2138 1157 2187 IX.

694 2308 760 2338 AD
797 2307 1005 2338 FONTEM
1041 2306 1352 2339 BANDUSIUM.

489 2444 536 2492 O
560 2460 684 2492 FoNs
710 2444 983 2503 Bandusiae,
1009 2443 1300 2506 splendidior
1323 2443 1458 2500 vitro,

491 2529 636 2577 Dulci
660 2528 805 2592 digne
829 2544 962 2575 mero
980 2545 1078 2576 non
1101 2528 1206 2575 sine
1231 2528 1439 2586 floribus,

821 2612 942 2659 Cras
967 2611 1222 2659 donaberis
1247 2612 1399 2670 haedo,

758 2695 852 2743 Cui
878 2695 1007 2742 frons
1031 2695 1222 2758 turgida
1244 2695 1468 2742 cornibus

496 2780 683 2840 Primis,
710 2788 758 2828 et
781 2781 1025 2828 Venerem
1049 2788 1098 2826 et
1120 2779 1288 2842 proelia
1312 2779 1547 2827 destinat:

499 2863 729 2922 Frustraeh
767 2881 880 2912 nam
903 2864 1087 2928 gelidos
1111 2863 1294 2910 inficiet
1317 2863 1404 2909 tibi

827 2949 1000 2996 Rubro
1023 2948 1260 3011 sanguine
1284 2948 1408 2994 rivos

761 3033 953 3081 Lascivi
978 3033 1164 3081 soboles
1186 3031 1360 3096 gregis.

1741 601 1806 647 35

1748 1023 1813 1070 40

1754 1444 1820 1489 45
