1894 3188
192 103 260 150 54

727 102 777 148 Q.
805 101 1042 142 HORATII
1070 102 1276 143 FLACCI

523 227 727 275 Excisus
754 228 973 291 Argivis3
1010 236 1081 276 ter
1105 245 1223 277 uxor

589 313 742 375 Capta
766 313 915 360 virum
952 329 1214 376 puerosque
1237 313 1437 376 ploret.’'
1472 372 1474 374 ι

459 395 572 444 Non
597 397 700 444 haeo
721 398 896 460 jocosae
921 398 1214 444 conveniunt
1237 398 1364 460 lyrae.

458 479 592 537 Quo,
618 481 772 541 Musa,
799 482 956 528 tendis
978 484 995 527 ‘3
1033 482 1213 529 Desine
1244 482 1468 545 pervicax

522 565 724 614 Referre
750 582 993 613 sermones
1018 567 1231 623 deorum,
1257 575 1306 614 et

586 649 772 714 Magna
795 651 948 697 modis
973 659 1172 698 tenuare
1195 650 1370 713 parvis.

860 1068 1000 1116 ODE
1034 1069 1123 1117 IV.

793 1219 859 1250 AD
897 1219 1195 1250 CALLIOPEN.

456 1337 733 1385 DESCENDE
760 1338 894 1396 ooelo,
922 1337 999 1384 dio
1025 1354 1112 1400 age
1135 1337 1253 1384 tibia

456 1421 648 1484 Regina
673 1422 885 1483 longum,
913 1421 1141 1483 Calliope,
1169 1421 1336 1476 melos,

520 1506 757 1552 Seu⁴x1soce
783 1521 913 1550 nuno
938 1505 1086 1550 mavis
1111 1505 1264 1559 acute,

585 1590 681 1636 Seu
706 1589 878 1635 fidibus
903 1587 1176 1649 eitharfique
1202 1587 1384 1634 Phoebi.

418 1722 421 1733 1
453 1672 686 1719 Auditis?
725 1688 784 1717 an
819 1687 893 1717 me
919 1671 1039 1717 ludit
1065 1670 1279 1717 amabilis

455 1755 684 1803 Insania?
724 1755 905 1801 Audire
931 1762 978 1800 et
1002 1754 1162 1800 videor
1185 1755 1287 1817 pios

517 1839 689 1886 Errare
713 1855 796 1900 per
820 1839 970 1893 lucos,
1001 1854 1198 1884 amoenae

581 1921 720 1972 Quos
744 1930 792 1967 et
816 1937 947 1983 aquae
973 1922 1178 1968 subeunt
1202 1930 1249 1967 et
1273 1937 1419 1968 aurae.-

452 2006 538 2055 Me
564 2006 804 2061 fabqusae,
831 2006 1035 2052 Vulture
1060 2005 1108 2051 in
1136 2005 1343 2067 Appulo,

453 2090 650 2137 Altriois
674 2099 806 2136 extra
823 2089 969 2136 limen
991 2089 1195 2151 Apuliae,

515 2174 652 2222 Ludo
678 2174 1017 2236 fatigatumque
1043 2189 1209 2220 somno

581 2258 770 2305 Fronde
795 2259 914 2304 nov&
937 2273 1137 2320 puerum
1161 2257 1409 2319 palumbes

452 2341 672 2390 Texere:
710 2342 878 2388 mirum
904 2342 1028 2404 quod
1053 2342 1172 2388 foret
1195 2341 1433 2396 omnibus,

450 2426 743 2488 Quicunque
768 2427 906 2472 oelsae
932 2427 1098 2473 nidum
1124 2425 1447 2481 Acherontiae‚

518 2510 767 2570 Saltusque
793 2509 1041 2565 Bantinos,
1068 2518 1115 2556 et
1140 2524 1301 2556 arvum

581 2593 764 2654 Pingue
789 2601 955 2638 tenent
979 2592 1170 2638 humilis
1195 2591 1389 2638 Forenti
1410 2608 1422 2647 ς

450 2677 514 2724 Ut
538 2685 638 2723 tuto
662 2677 719 2722 ab
744 2677 856 2722 atris
881 2692 1074 2738 corpore
1098 2675 1270 2737 viperis

378 2820 379 2823 Ἴ
450 2759 718 2807 Dormirem
742 2768 788 2805 et
812 2760 932 2806 ursis
953 2775 965 2815 3
1003 2768 1053 2806 ut
1076 2755 1314 2821 premerer
1338 2761 1471 2804 sacr&

516 2843 764 2905 Lauroque
790 2844 1050 2904 collataque
1076 2850 1239 2904 myrto,

578 2927 691 2974 Non
717 2927 818 2973 sine
843 2927 916 2974 dis
940 2927 1179 2973 animosus
1204 2924 1375 2971 infans.

452 3011 638 3067 Vester,
665 3011 923 3068 Carmente,
949 3020 1102 3057 vester
1126 3010 1176 3056 in
1200 3010 1370 3056 arduos

1736 482 1800 529 70

1732 2091 1790 2136 10
