1894 3188
587 101 898 143 CARMINUM
924 101 1031 142 LIB.
1060 101 1116 141 11.

332 230 641 292 Quanquam,
666 228 854 276 choreis
878 227 1027 291 aptior
1049 236 1097 275 et
1115 227 1238 291 jocis

337 314 567 374 Ludoque
586 312 758 371 dicum,
782 327 879 359 non
903 320 975 359 sat
997 311 1196 359 idoneus

395 397 575 460 Pugnae
601 395 853 443 ferebaris:
890 396 973 443 sed
998 395 1125 443 idem

465 480 605 527 Pacis
628 495 733 526 eras
756 479 1033 541 mediusque
1058 478 1183 526 belli.

334 563 410 612 Te
435 563 550 610 vidit
573 564 736 611 insons
760 563 998 611 Cerberus
1023 578 1167 609 aureo

333 647 498 696 Cornu
521 647 764 703 decorum,
789 647 958 694 leniter
982 654 1188 693 atterens

399 731 616 779 Caudam
637 747 650 788 3
687 740 735 778 et
757 730 1025 778 recedentis
1048 729 1260 794 trilingui

463 814 561 863 Ore
585 815 731 878 pedes
755 814 1002 879 tetigitque
1026 830 1181 862 crura.

698 1269 836 1317 ODE
872 1269 1038 1317 XVII.

651 1454 716 1485 AD
749 1453 1098 1486 MAECENATEM.

342 1608 392 1657 Ν
397 1623 462 1655 οΝ
487 1607 673 1667 usitata,
693 1624 789 1655 non
813 1607 947 1655 tenui
971 1607 1093 1655 ferar

339 1693 504 1740 Penna
529 1692 741 1740 biformis
762 1708 847 1755 per
870 1691 1102 1754 liquidum
1127 1692 1302 1740 aethera

406 1776 554 1823 Vates
575 1793 586 1822 ε
623 1792 778 1838 neque
803 1776 852 1823 in
876 1777 1014 1824 terris
1038 1776 1254 1824 morabor

469 1859 683 1924 Longius
705 1877 714 1907 :
751 1860 1021 1923 invidiaque
1045 1860 1194 1924 major

341 1943 492 1992 Urbes
517 1945 795 2007 relinquam.
863 1944 977 1993 Non
1001 1961 1104 2008 ego,
1129 1960 1392 2008 pauperum

340 2028 548 2091 Sanguis
569 2030 835 2091 parentum,
860 2045 957 2076 non
981 2045 1087 2092 ego,
1112 2045 1253 2091 quem
1277 2044 1416 2077 vocas

408 2111 612 2171 Dilecte,
639 2113 898 2168 Maecenas,
924 2113 1080 2169 obibo,

470 2195 579 2242 Nec
604 2196 769 2259 Stygia
793 2196 1049 2244 cohibebor
1078 2196 1221 2243 unda.

344 2279 374 2326 J
378 2294 455 2326 am
485 2279 583 2342 jam
607 2280 823 2326 residunt
847 2280 1064 2327 cruribus
1088 2296 1264 2345 asperae

343 2363 497 2411 Pelles
519 2380 529 2409 :
565 2373 613 2411 et
637 2364 798 2411 album
821 2373 975 2411 mutor
999 2364 1050 2411 in
1075 2364 1235 2411 alitem

408 2448 627 2510 Superna
647 2464 658 2493 ε
694 2456 1050 2510 nascunturque
1072 2448 1200 2495 leves

473 2531 566 2579 Per
590 2531 763 2595 digitos
787 2532 1101 2594 humerosque
1124 2532 1310 2595 plumae.

343 2615 373 2663 J
378 2631 453 2662 am
476 2615 704 2663 Daedaleo
726 2616 856 2664 ocior
881 2616 1020 2664 Icaro

344 2699 513 2747 Visam
537 2700 773 2763 gementis
796 2700 954 2748 littora
976 2700 1190 2764 Bospori,

410 2785 667 2847 Syrtesque
691 2785 920 2841 GaetulaS‚
946 2801 1151 2833 canorus

473 2869 608 2925 Ales,
635 2869 1062 2932 Hyperboreosque
1085 2886 1291 2934 campos.

345 2951 430 3000 Me
453 2952 680 3013 Colchu5‚
706 2961 754 3002 et
775 2953 856 3017 qui
881 2953 1146 3003 dissimulat
1179 2963 1358 3004 metum

345 3034 520 3084 Marsae
543 3037 751 3084 cohortis
775 3035 953 3096 Dacus,
980 3046 1029 3085 et
1050 3038 1206 3087 ultimi

1597 107 1666 155 47

1604 228 1670 274 25

1606 644 1670 690 30

1622 2368 1681 2414 10

1623 2788 1683 2834 15
