1894 3188
546 143 857 185 CARMINUM
890 142 996 182 LIB.
1029 143 1061 182 1.
1533 146 1590 192 11

674 351 813 401 §DE
845 352 938 400 XI.

614 503 680 534 AD
715 502 995 534 AUGUSTUM.

340 622 502 673 QUEM
523 620 675 668 virum
700 629 783 668 aut
806 621 950 668 heroa
973 620 1071 682 lyr&
1094 618 1166 666 vel
1191 618 1289 666 acri

344 706 489 754 Tibia
514 705 658 752 sumis
682 699 936 763 celebrare,
962 703 1104 750 Clio'!

343 789 507 841 Quem
531 790 689 845 deum,
715 788 851 852 cujus
873 787 1058 835 recinet
1076 786 1241 850 jocosa

573 872 764 920 Nomen
789 872 959 935 imago,

347 958 448 1006 Aut
469 957 521 1005 in
544 957 778 1004 umbrosis
804 954 1054 1003 Heliconis
1077 955 1188 1011 oriS,
1576 953 1607 1000 5

350 1043 451 1090 Aut
476 1058 615 1104 super
640 1041 809 1096 Pindo,
835 1040 1049 1103 gelidove
1074 1039 1124 1085 in
1148 1037 1331 1096 Haemo,

350 1125 491 1175 Unde
513 1125 724 1172 vocalem
748 1122 927 1170 temere
953 1122 1182 1169 insecutae

579 1208 774 1270 Orphea
798 1207 942 1262 silvae,

351 1294 471 1340 Arte
488 1293 700 1339 materna
724 1291 910 1352 rapidos
936 1296 1196 1336 morantem

353 1375 628 1424 Fluminum
651 1375 824 1436 lapsus,
850 1373 1122 1433 celeresque
1145 1380 1324 1429 ventos,
1556 1373 1616 1419 10

336 1459 591 1525 ABlandum
616 1466 663 1505 et
687 1458 861 1504 auritas
885 1456 1056 1503 fidibus
1080 1455 1266 1503 canoris

581 1543 773 1600 Ducere
797 1557 1000 1603 quercus
1017 1541 1035 1586 2

357 1627 493 1680 Quid
515 1625 647 1690 prius
671 1626 826 1673 dicam
853 1624 999 1672 solitis
1018 1623 1237 1671 Parentis

359 1711 619 1769 Laudibus,
645 1710 725 1771 qui
748 1725 823 1756 res
848 1708 1094 1755 hominum
1118 1723 1174 1754 ac
1198 1707 1411 1764 deorum,

361 1795 464 1848 Qui
488 1810 616 1842 mare
642 1810 698 1840 ac
723 1802 886 1848 terras,
912 1792 1146 1854 variisque
1169 1785 1400 1839 mundum
1562 1792 1623 1838 15

589 1878 850 1941 Temperat
873 1877 1001 1924 horis
1021 1878 1039 1922 Ὗ.
1231 1857 1234 1862 ’

365 1964 504 2012 Unde
529 1963 596 2010 nil
621 1962 772 2025 majus
797 1969 1054 2025 generatur
1077 1961 1193 2024 ipso,

368 2047 476 2095 Nec
499 2047 625 2110 viget
649 2047 902 2108 quidquam
928 2045 1079 2092 simile
1105 2052 1185 2091 aut
1207 2041 1496 2090 secundum:

367 2132 611 2179 Proximos
636 2131 702 2177 illi
728 2139 886 2176 tamen
906 2127 1156 2190 occupavit

595 2215 750 2261 Pallas
776 2214 990 2259 honores.
1564 2211 1629 2259 20

369 2299 555 2347 Proeliis
580 2298 748 2352 audax,
774 2306 926 2357 neque
951 2303 996 2341 te
1022 2294 1183 2354 silebo,

372 2383 530 2441 Liber,
555 2390 602 2428 et
630 2380 764 2427 saevis
789 2378 983 2426 inimica
1006 2378 1137 2441 virgo

372 2466 550 2515 Belluis
571 2482 584 2523 3
620 2481 712 2512 nec
735 2472 781 2510 te
806 2463 1061 2510 metuende
1086 2462 1214 2510 cert&

600 2549 780 2596 Phoebe
805 2547 989 2610 sagitte.

372 2635 545 2683 Dicam
568 2642 616 2699 et
639 2633 845 2680 Alciden
862 2649 872 2690 ;
908 2646 1170 2694 puerosque
1194 2629 1355 2687 Ledae,
1571 2631 1636 2677 25

377 2710 694 2779 Hunc-equis,
720 2716 851 2762 illum
877 2731 1096 2777 superare
1120 2714 1292 2776 pugnis

377 2802 629 2851 Nobilem:
665 2816 861 2862 quorum
886 2799 1023 2846 simul
1049 2799 1153 2845 alba
1175 2797 1331 2845 nautis

609 2885 755 2932 Stella
782 2883 979 2938 refulsit,

381 2969 562 3017 Defluit
585 2969 709 3015 saxis
734 2967 937 3030 agitatus
962 2966 1159 3023 humor3
1490 3023 1491 3033 γ

385 3053 661 3101 Concidunt
684 3050 828 3107 venti,
855 3049 1134 3113 fugiuntque
1157 3048 1308 3096 nubes
1327 3064 1342 3106 3
1578 3050 1643 3097 30
