<?xml version="1.0" encoding="UTF-8"?>
<!DOCTYPE html PUBLIC "-//W3C//DTD XHTML 1.0 Transitional//EN"
    "http://www.w3.org/TR/xhtml1/DTD/xhtml1-transitional.dtd">
<html xmlns="http://www.w3.org/1999/xhtml" xml:lang="en" lang="en">
 <head>
  <title>
</title>
<meta http-equiv="Content-Type" content="text/html;charset=utf-8" />
  <meta name='ocr-system' content='tesseract 3.04.00' />
  <meta name='ocr-capabilities' content='ocr_page ocr_carea ocr_par ocr_line ocrx_word'/>
</head>
<body>
  <div class='ocr_page' id='page_1' title='image "./quintihoratiifla1928hora_0028.png"; bbox 0 0 1894 3188; ppageno 0'>
   <div class='ocr_carea' id='block_1_1' title="bbox 134 131 195 178">
    <p class='ocr_par' dir='ltr' id='par_1_1' title="bbox 134 131 195 178">
     <span class='ocr_line' id='line_1_1' title="bbox 134 131 195 178; baseline 0 0"><span class='ocrx_word' id='word_1_1' title='bbox 134 131 195 178; x_wconf 72' lang='lat'>18</span> 
     </span>
    </p>
   </div>
   <div class='ocr_carea' id='block_1_2' title="bbox 664 129 1216 176">
    <p class='ocr_par' dir='ltr' id='par_1_2' title="bbox 664 129 1216 176">
     <span class='ocr_line' id='line_1_2' title="bbox 664 129 1216 176; baseline 0.004 -8"><span class='ocrx_word' id='word_1_2' title='bbox 664 130 713 176; x_wconf 85' lang='lat' dir='ltr'>Q.</span> <span class='ocrx_word' id='word_1_3' title='bbox 743 129 981 169; x_wconf 89' lang='lat' dir='ltr'>HORATII</span> <span class='ocrx_word' id='word_1_4' title='bbox 1009 129 1216 170; x_wconf 91' lang='lat' dir='ltr'>FLACCI</span> 
     </span>
    </p>
   </div>
   <div class='ocr_carea' id='block_1_3' title="bbox 395 255 1739 730">
    <p class='ocr_par' dir='ltr' id='par_1_3' title="bbox 395 255 1739 730">
     <span class='ocr_line' id='line_1_3' title="bbox 395 255 1200 306; baseline 0.005 -5"><span class='ocrx_word' id='word_1_5' title='bbox 395 255 647 302; x_wconf 87' lang='lat' dir='ltr'>Redderet</span> <span class='ocrx_word' id='word_1_6' title='bbox 669 255 836 303; x_wconf 88' lang='lat' dir='ltr'>laudes</span> <span class='ocrx_word' id='word_1_7' title='bbox 860 257 947 303; x_wconf 87' lang='lat' dir='ltr'>tibi</span> <span class='ocrx_word' id='word_1_8' title='bbox 976 257 1200 306; x_wconf 85' lang='lat' dir='ltr'>Vaticani</span> 
     </span>
     <span class='ocr_line' id='line_1_4' title="bbox 722 340 1106 405; baseline 0.008 -18"><span class='ocrx_word' id='word_1_9' title='bbox 722 340 905 388; x_wconf 88' lang='lat' dir='ltr'>Montis</span> <span class='ocrx_word' id='word_1_10' title='bbox 929 341 1106 405; x_wconf 83' lang='lat' dir='ltr'>imago.</span> 
     </span>
     <span class='ocr_line' id='line_1_5' title="bbox 397 423 1366 488; baseline 0.005 -18"><span class='ocrx_word' id='word_1_11' title='bbox 397 423 661 472; x_wconf 82' lang='lat' dir='ltr'>Caecubum</span> <span class='ocrx_word' id='word_1_12' title='bbox 686 434 734 472; x_wconf 81' lang='lat' dir='ltr'>et</span> <span class='ocrx_word' id='word_1_13' title='bbox 756 426 902 488; x_wconf 82' lang='lat' dir='ltr'>praelo</span> <span class='ocrx_word' id='word_1_14' title='bbox 927 426 1154 474; x_wconf 80' lang='lat' dir='ltr'>domitam</span> <span class='ocrx_word' id='word_1_15' title='bbox 1180 426 1366 474; x_wconf 86' lang='lat' dir='ltr'>Caleno</span> 
     </span>
     <span class='ocr_line' id='line_1_6' title="bbox 401 507 1739 560; baseline 0.005 -5"><span class='ocrx_word' id='word_1_16' title='bbox 401 507 482 556; x_wconf 86' lang='lat' dir='ltr'>Tu</span> <span class='ocrx_word' id='word_1_17' title='bbox 507 509 641 557; x_wconf 85' lang='lat' dir='ltr'>bibes</span> <span class='ocrx_word' id='word_1_18' title='bbox 665 526 806 558; x_wconf 82' lang='lat' dir='ltr'>uvam</span> <span class='ocrx_word' id='word_1_19' title='bbox 827 528 837 557; x_wconf 94' lang='lat'>:</span> <span class='ocrx_word' id='word_1_20' title='bbox 876 528 983 558; x_wconf 88' lang='lat' dir='ltr'>mea</span> <span class='ocrx_word' id='word_1_21' title='bbox 1005 529 1098 559; x_wconf 80' lang='lat' dir='ltr'>neo</span> <span class='ocrx_word' id='word_1_22' title='bbox 1130 511 1347 560; x_wconf 83' lang='lat' dir='ltr'>Falernae</span> <span class='ocrx_word' id='word_1_23' title='bbox 1679 509 1739 555; x_wconf 82' lang='grc'>10</span> 
     </span>
     <span class='ocr_line' id='line_1_7' title="bbox 399 593 1284 660; baseline 0.005 -19"><span class='ocrx_word' id='word_1_24' title='bbox 399 593 695 658; x_wconf 88' lang='lat' dir='ltr'>Temperant</span> <span class='ocrx_word' id='word_1_25' title='bbox 718 596 837 643; x_wconf 87' lang='lat' dir='ltr'>vites</span> <span class='ocrx_word' id='word_1_26' title='bbox 861 613 1016 660; x_wconf 90' lang='lat' dir='ltr'>neque</span> <span class='ocrx_word' id='word_1_27' title='bbox 1040 597 1284 645; x_wconf 89' lang='lat' dir='ltr'>Formiani</span> 
     </span>
     <span class='ocr_line' id='line_1_8' title="bbox 725 679 1092 730; baseline 0.005 -3"><span class='ocrx_word' id='word_1_28' title='bbox 725 679 906 728; x_wconf 85' lang='lat' dir='ltr'>Pocula</span> <span class='ocrx_word' id='word_1_29' title='bbox 931 682 1092 730; x_wconf 83' lang='lat' dir='ltr'>colles.</span> 
     </span>
    </p>
   </div>
   <div class='ocr_carea' id='block_1_4' title="bbox 760 1105 1131 1154">
    <p class='ocr_par' dir='ltr' id='par_1_4' title="bbox 760 1105 1131 1154">
     <span class='ocr_line' id='line_1_9' title="bbox 760 1105 1131 1154; baseline -0.003 -1"><span class='ocrx_word' id='word_1_30' title='bbox 760 1105 900 1153; x_wconf 91' lang='lat' dir='ltr'>ODE</span> <span class='ocrx_word' id='word_1_31' title='bbox 935 1105 1131 1154; x_wconf 86' lang='lat' dir='ltr'>XVIII.</span> 
     </span>
    </p>
   </div>
   <div class='ocr_carea' id='block_1_5' title="bbox 575 1254 1307 1288">
    <p class='ocr_par' dir='ltr' id='par_1_5' title="bbox 575 1254 1307 1288">
     <span class='ocr_line' id='line_1_10' title="bbox 575 1254 1307 1288; baseline 0 -4"><span class='ocrx_word' id='word_1_32' title='bbox 575 1254 630 1285; x_wconf 89' lang='lat' dir='ltr'>IN</span> <span class='ocrx_word' id='word_1_33' title='bbox 666 1256 866 1287; x_wconf 77' lang='lat' dir='ltr'><strong>DIANAM</strong></span> <span class='ocrx_word' id='word_1_34' title='bbox 902 1257 967 1288; x_wconf 88' lang='lat' dir='ltr'>ET</span> <span class='ocrx_word' id='word_1_35' title='bbox 1002 1254 1307 1288; x_wconf 84' lang='lat' dir='ltr'>APOLLINEM.</span> 
     </span>
    </p>
   </div>
   <div class='ocr_carea' id='block_1_6' title="bbox 411 1371 1770 2704">
    <p class='ocr_par' dir='ltr' id='par_1_6' title="bbox 411 1371 1770 2704">
     <span class='ocr_line' id='line_1_11' title="bbox 411 1371 1260 1436; baseline 0.004 -19"><span class='ocrx_word' id='word_1_36' title='bbox 411 1371 625 1418; x_wconf 80' lang='lat' dir='ltr'><strong>DIANAM</strong></span> <span class='ocrx_word' id='word_1_37' title='bbox 649 1382 825 1420; x_wconf 84' lang='lat' dir='ltr'>tenerae</span> <span class='ocrx_word' id='word_1_38' title='bbox 850 1372 995 1420; x_wconf 79' lang='lat' dir='ltr'>dicite</span> <span class='ocrx_word' id='word_1_39' title='bbox 1021 1373 1228 1436; x_wconf 83' lang='lat' dir='ltr'>virgines</span> <span class='ocrx_word' id='word_1_40' title='bbox 1249 1390 1260 1419; x_wconf 70' lang='grc' dir='ltr'>ε</span> 
     </span>
     <span class='ocr_line' id='line_1_12' title="bbox 414 1455 1353 1520; baseline 0.003 -18"><span class='ocrx_word' id='word_1_41' title='bbox 414 1455 684 1513; x_wconf 62' lang='grc' dir='ltr'><strong>Ιηῖοηειμῃ,</strong></span> <span class='ocrx_word' id='word_1_42' title='bbox 710 1458 860 1519; x_wconf 85' lang='lat' dir='ltr'>pueri,</span> <span class='ocrx_word' id='word_1_43' title='bbox 887 1458 1032 1505; x_wconf 82' lang='lat' dir='ltr'>dicite</span> <span class='ocrx_word' id='word_1_44' title='bbox 1058 1458 1321 1520; x_wconf 83' lang='lat' dir='ltr'>Cynthium</span> <span class='ocrx_word' id='word_1_45' title='bbox 1343 1474 1353 1504; x_wconf 92' lang='lat'>:</span> 
     </span>
     <span class='ocr_line' id='line_1_13' title="bbox 673 1542 1248 1606; baseline 0.002 -17"><span class='ocrx_word' id='word_1_46' title='bbox 673 1542 1001 1605; x_wconf 82' lang='lat' dir='ltr'>Latonamque</span> <span class='ocrx_word' id='word_1_47' title='bbox 1026 1560 1248 1606; x_wconf 87' lang='lat' dir='ltr'>supremo</span> 
     </span>
     <span class='ocr_line' id='line_1_14' title="bbox 609 1626 1303 1690; baseline 0.001 -17"><span class='ocrx_word' id='word_1_48' title='bbox 609 1626 847 1674; x_wconf 81' lang='lat' dir='ltr'>Dilectam</span> <span class='ocrx_word' id='word_1_49' title='bbox 870 1626 1062 1690; x_wconf 64' lang='lat' dir='ltr'>penitiis</span> <span class='ocrx_word' id='word_1_50' title='bbox 1087 1628 1208 1675; x_wconf 87' lang='lat' dir='ltr'>Jovi.</span> <span class='ocrx_word' id='word_1_51' title='bbox 1301 1688 1303 1690; x_wconf 10' lang='lat' dir='ltr'>q</span> 
     </span>
     <span class='ocr_line' id='line_1_15' title="bbox 414 1709 1754 1772; baseline 0.003 -16"><span class='ocrx_word' id='word_1_52' title='bbox 414 1709 514 1757; x_wconf 85' lang='lat' dir='ltr'>Vos</span> <span class='ocrx_word' id='word_1_53' title='bbox 537 1710 696 1758; x_wconf 85' lang='lat' dir='ltr'>laetam</span> <span class='ocrx_word' id='word_1_54' title='bbox 721 1711 891 1768; x_wconf 83' lang='lat' dir='ltr'>fluviiS‚</span> <span class='ocrx_word' id='word_1_55' title='bbox 909 1721 957 1759; x_wconf 82' lang='lat' dir='ltr'>et</span> <span class='ocrx_word' id='word_1_56' title='bbox 980 1728 1230 1760; x_wconf 89' lang='lat' dir='ltr'>nemorum</span> <span class='ocrx_word' id='word_1_57' title='bbox 1254 1714 1404 1772; x_wconf 67' lang='lat' dir='ltr'>coma,</span> <span class='ocrx_word' id='word_1_58' title='bbox 1722 1715 1754 1759; x_wconf 88' lang='grc'><em>5</em></span> 
     </span>
     <span class='ocr_line' id='line_1_16' title="bbox 417 1793 1501 1861; baseline 0 -16"><span class='ocrx_word' id='word_1_59' title='bbox 417 1793 737 1858; x_wconf 68' lang='lat' dir='ltr'>Quaecunque</span> <span class='ocrx_word' id='word_1_60' title='bbox 763 1805 844 1844; x_wconf 87' lang='lat' dir='ltr'>aut</span> <span class='ocrx_word' id='word_1_61' title='bbox 867 1797 1026 1860; x_wconf 83' lang='lat' dir='ltr'>gelido</span> <span class='ocrx_word' id='word_1_62' title='bbox 1048 1798 1286 1860; x_wconf 86' lang='lat' dir='ltr'>prominet</span> <span class='ocrx_word' id='word_1_63' title='bbox 1311 1798 1501 1861; x_wconf 85' lang='lat' dir='ltr'>Algido,</span> 
     </span>
     <span class='ocr_line' id='line_1_17' title="bbox 680 1880 1262 1944; baseline 0.005 -18"><span class='ocrx_word' id='word_1_64' title='bbox 680 1880 847 1943; x_wconf 84' lang='lat' dir='ltr'><strong>Nigris</strong></span> <span class='ocrx_word' id='word_1_65' title='bbox 872 1890 955 1928; x_wconf 86' lang='lat' dir='ltr'>aut</span> <span class='ocrx_word' id='word_1_66' title='bbox 978 1882 1262 1944; x_wconf 79' lang='lat' dir='ltr'>Erymanthi</span> 
     </span>
     <span class='ocr_line' id='line_1_18' title="bbox 617 1964 1267 2029; baseline 0.002 -19"><span class='ocrx_word' id='word_1_67' title='bbox 617 1964 777 2021; x_wconf 84' lang='lat' dir='ltr'>Silvis,</span> <span class='ocrx_word' id='word_1_68' title='bbox 798 1975 879 2012; x_wconf 84' lang='lat' dir='ltr'>aut</span> <span class='ocrx_word' id='word_1_69' title='bbox 902 1966 1064 2013; x_wconf 84' lang='lat' dir='ltr'>viridis</span> <span class='ocrx_word' id='word_1_70' title='bbox 1089 1966 1235 2029; x_wconf 82' lang='lat' dir='ltr'>Gragi</span> <span class='ocrx_word' id='word_1_71' title='bbox 1256 1983 1267 2011; x_wconf 75' lang='grc' dir='ltr'>ε</span> 
     </span>
     <span class='ocr_line' id='line_1_19' title="bbox 422 2047 1385 2111; baseline 0.004 -18"><span class='ocrx_word' id='word_1_72' title='bbox 422 2047 517 2095; x_wconf 91' lang='lat' dir='ltr'>Vos</span> <span class='ocrx_word' id='word_1_73' title='bbox 541 2047 729 2111; x_wconf 83' lang='lat' dir='ltr'>Tempe</span> <span class='ocrx_word' id='word_1_74' title='bbox 753 2050 950 2097; x_wconf 86' lang='lat' dir='ltr'>totidem</span> <span class='ocrx_word' id='word_1_75' title='bbox 974 2051 1123 2098; x_wconf 86' lang='lat' dir='ltr'>tollite</span> <span class='ocrx_word' id='word_1_76' title='bbox 1147 2051 1385 2107; x_wconf 81' lang='lat' dir='ltr'>laudibus,</span> 
     </span>
     <span class='ocr_line' id='line_1_20' title="bbox 423 2131 1762 2198; baseline 0.001 -20"><span class='ocrx_word' id='word_1_77' title='bbox 423 2131 472 2178; x_wconf 91' lang='lat' dir='ltr'>N</span> <span class='ocrx_word' id='word_1_78' title='bbox 476 2132 756 2196; x_wconf 82' lang='lat' dir='ltr'>atalemque,</span> <span class='ocrx_word' id='word_1_79' title='bbox 783 2150 953 2190; x_wconf 89' lang='lat' dir='ltr'>mares,</span> <span class='ocrx_word' id='word_1_80' title='bbox 982 2135 1137 2182; x_wconf 89' lang='lat' dir='ltr'>Delon</span> <span class='ocrx_word' id='word_1_81' title='bbox 1164 2135 1416 2198; x_wconf 82' lang='lat' dir='ltr'>Apollinis,</span> <span class='ocrx_word' id='word_1_82' title='bbox 1701 2135 1762 2180; x_wconf 81' lang='lat'>10</span> 
     </span>
     <span class='ocr_line' id='line_1_21' title="bbox 686 2218 1286 2282; baseline 0.003 -18"><span class='ocrx_word' id='word_1_83' title='bbox 686 2218 1028 2281; x_wconf 83' lang='lat' dir='ltr'>Insignemque</span> <span class='ocrx_word' id='word_1_84' title='bbox 1051 2220 1286 2282; x_wconf 64' lang='lat' dir='ltr'>pharetra,</span> 
     </span>
     <span class='ocr_line' id='line_1_22' title="bbox 621 2302 1360 2366; baseline 0 -17"><span class='ocrx_word' id='word_1_85' title='bbox 621 2302 946 2365; x_wconf 66' lang='lat' dir='ltr'>Fraternaque</span> <span class='ocrx_word' id='word_1_86' title='bbox 972 2305 1222 2352; x_wconf 88' lang='lat' dir='ltr'>humerum</span> <span class='ocrx_word' id='word_1_87' title='bbox 1246 2304 1360 2366; x_wconf 65' lang='lat' dir='ltr'>lyra.</span> 
     </span>
     <span class='ocr_line' id='line_1_23' title="bbox 431 2384 1637 2450; baseline 0.002 -20"><span class='ocrx_word' id='word_1_88' title='bbox 431 2384 527 2431; x_wconf 80' lang='lat' dir='ltr'>Hic</span> <span class='ocrx_word' id='word_1_89' title='bbox 554 2385 729 2434; x_wconf 91' lang='lat' dir='ltr'>bellum</span> <span class='ocrx_word' id='word_1_90' title='bbox 753 2388 1088 2450; x_wconf 84' lang='lat' dir='ltr'>lacrymosum,</span> <span class='ocrx_word' id='word_1_91' title='bbox 1114 2390 1194 2436; x_wconf 80' lang='lat' dir='ltr'>hio</span> <span class='ocrx_word' id='word_1_92' title='bbox 1218 2388 1438 2435; x_wconf 84' lang='lat' dir='ltr'>miseram</span> <span class='ocrx_word' id='word_1_93' title='bbox 1464 2386 1637 2434; x_wconf 87' lang='lat' dir='ltr'>famem</span> 
     </span>
     <span class='ocr_line' id='line_1_24' title="bbox 432 2467 1594 2534; baseline 0.002 -20"><span class='ocrx_word' id='word_1_94' title='bbox 432 2467 731 2532; x_wconf 83' lang='lat' dir='ltr'>Pestemque‚</span> <span class='ocrx_word' id='word_1_95' title='bbox 758 2488 786 2518; x_wconf 88' lang='lat' dir='ltr'>a</span> <span class='ocrx_word' id='word_1_96' title='bbox 807 2473 980 2534; x_wconf 91' lang='lat' dir='ltr'>populo</span> <span class='ocrx_word' id='word_1_97' title='bbox 1004 2481 1052 2519; x_wconf 88' lang='lat' dir='ltr'>et</span> <span class='ocrx_word' id='word_1_98' title='bbox 1074 2472 1290 2534; x_wconf 81' lang='lat' dir='ltr'>principe</span> <span class='ocrx_word' id='word_1_99' title='bbox 1315 2471 1519 2528; x_wconf 83' lang='lat' dir='ltr'>Caesare,</span> <span class='ocrx_word' id='word_1_100' title='bbox 1545 2470 1594 2516; x_wconf 94' lang='lat' dir='ltr'>in</span> 
     </span>
     <span class='ocr_line' id='line_1_25' title="bbox 698 2555 1770 2617; baseline -0.002 -15"><span class='ocrx_word' id='word_1_101' title='bbox 698 2555 867 2602; x_wconf 84' lang='lat' dir='ltr'>Persas</span> <span class='ocrx_word' id='word_1_102' title='bbox 891 2564 1030 2617; x_wconf 86' lang='lat' dir='ltr'>atque</span> <span class='ocrx_word' id='word_1_103' title='bbox 1055 2556 1310 2603; x_wconf 87' lang='lat' dir='ltr'>Britannos</span> <span class='ocrx_word' id='word_1_104' title='bbox 1710 2555 1770 2600; x_wconf 82' lang='lat'>15</span> 
     </span>
     <span class='ocr_line' id='line_1_26' title="bbox 625 2638 1288 2704; baseline 0.002 -19"><span class='ocrx_word' id='word_1_105' title='bbox 625 2638 796 2686; x_wconf 71' lang='lat' dir='ltr'>Vestra</span> <span class='ocrx_word' id='word_1_106' title='bbox 820 2650 976 2689; x_wconf 87' lang='lat' dir='ltr'>motus</span> <span class='ocrx_word' id='word_1_107' title='bbox 999 2649 1109 2704; x_wconf 84' lang='lat' dir='ltr'>aget</span> <span class='ocrx_word' id='word_1_108' title='bbox 1130 2655 1288 2704; x_wconf 79' lang='lat' dir='ltr'>prece.</span> 
     </span>
    </p>
   </div>
  </div>
 </body>
</html>
