1894 3188
164 120 234 170 90

696 118 747 166 Q.
776 118 1018 159 HORATII
1045 120 1251 161 FLACCI

428 243 642 302 Donate,
668 252 717 292 et
739 245 948 308 pretium
971 246 1133 294 dicere
1157 247 1363 295 muneri.

427 328 543 376 Non
567 329 723 377 incisa
745 329 871 377 notis
895 346 1134 379 marmora
1156 331 1379 394 publicis,

427 412 520 461 Per
542 429 647 476 quae
671 414 865 477 spiritus
889 422 938 462 et
960 414 1057 462 vita
1078 415 1204 463 redit
1228 415 1366 464 bonis

370 515 375 520 ·
423 495 539 545 Post
561 505 764 545 mortem
789 498 1022 558 ducibus3
1059 515 1157 547 non
1182 500 1364 548 celeres
1387 500 1528 565 fugae,

424 581 739 646 Rejectaeque
763 582 1024 631 retrorsum
1049 584 1340 633 Hannibalis
1362 585 1505 634 minae
1525 601 1540 643 ς

416 665 537 714 ‘Non
562 667 793 715 incendia
816 668 1125 732 Carthaginis
1149 669 1325 732 impiae,

422 750 543 814 Ejus
565 752 646 814 qui
670 754 849 801 domita
872 769 1049 800 nomen
1075 754 1134 801 ab
1159 754 1327 802 Africa

422 834 661 884 Lucratus
683 838 838 898 rediit,
866 837 1042 885 clarius
1067 838 1285 886 indicant

421 919 630 976 LaudeS,
655 920 799 983 quam
825 922 1046 969 Calabrae
1070 922 1316 970 Pierides:
1353 938 1525 986 neque,

421 1004 475 1052 Si
500 1005 676 1052 chartae
703 1006 875 1053 sileant
897 1007 1022 1069 quod
1047 1007 1171 1054 bene
1195 1006 1383 1063 feceris,

418 1089 704 1137 Mercedem
727 1091 908 1138 tuleris,
977 1091 1115 1142 Quid
1141 1091 1261 1139 foret
1283 1091 1386 1139 Iliae

419 1172 745 1236 Mavortisque
768 1190 904 1237 puer,
926 1175 965 1222 si
990 1175 1291 1222 taciturnitas

416 1256 648 1305 Obstaret
671 1258 855 1305 meritis
879 1258 1042 1306 invida
1066 1259 1301 1306 Romuli?

415 1340 647 1405 Ereptum
673 1343 853 1406 Stygiis
878 1343 1102 1391 fluctibus
1128 1344 1335 1391 AEacum

414 1425 583 1473 Virtus
607 1435 656 1474 et
679 1427 808 1475 favor
833 1437 880 1475 et
903 1428 1069 1491 lingua
1099 1427 1365 1490 potentium

413 1509 595 1557 Vatum
618 1510 846 1557 divitibus
871 1520 1123 1558 consecrat
1147 1511 1330 1558 insulis.

408 1593 624 1657 Dignum
650 1594 791 1641 laude
816 1594 970 1641 virum
995 1594 1139 1641 Musa
1163 1603 1291 1642 vetat
1316 1594 1434 1642 mori
1457 1610 1468 1641 t

411 1677 547 1724 Coelo
571 1677 718 1724 Musa
742 1678 865 1724 beat.
936 1678 1018 1725 Sic
1044 1678 1175 1725 Jovis
1199 1678 1399 1725 interest

410 1760 601 1823 Optatis
625 1761 777 1823 epulis
801 1761 1002 1824 impiger
1028 1761 1294 1808 Hercules:

410 1845 607 1892 Clarum
631 1844 923 1907 Tyndaridae
948 1845 1080 1891 sidus
1104 1846 1163 1892 ab
1187 1845 1363 1892 infimis

407 1928 626 1980 Quassas
651 1928 860 1991 eripiunt
884 1929 1151 1991 aequoribus
1174 1938 1302 1976 rates
1324 1946 1334 1975 ε

407 2012 621 2060 Ornatus
645 2013 785 2059 viridi
809 2022 1023 2076 tempora
1046 2013 1270 2076 pampino

407 2096 552 2145 Liber
576 2105 686 2145 vota
709 2097 859 2144 bonos
884 2098 1018 2145 ducit
1042 2098 1100 2145 ad
1126 2097 1296 2145 exitus.

785 2511 927 2560 ODE
963 2513 1108 2561 VIII.

770 2662 836 2692 AD
873 2661 1109 2694 LOLLIUM.

401 2779 483 2828 NE
510 2778 629 2828 forte
655 2779 826 2827 credas
850 2777 1101 2826 interitura
1123 2794 1244 2841 quae,

398 2862 566 2927 Longe
592 2871 843 2911 sonantem
867 2872 1008 2910 natus
1033 2863 1095 2910 ad
1120 2862 1369 2919 Aufidum,

463 2948 577 2996 Non
602 2946 714 2995 ante
742 2948 957 3011 vulgatas
979 2963 1063 3010 per
1088 2954 1216 2994 artes

526 3032 688 3080 Verba
710 3032 875 3095 loquor
900 3031 1133 3083 socianda
1156 3030 1363 3079 chordis.

1710 504 1774 550 15

1702 923 1769 971 20

1698 1343 1764 1390 25

1694 1762 1758 1809 30
