1894 3188
573 65 977 107 EPISTOLARUM
1013 65 1119 104 LIB.
1147 64 1180 103 Ι.
1571 66 1675 114 213

147 193 454 257 Splendidius
477 191 626 240 multo
651 203 754 239 est:
791 208 940 255 equus
965 199 1016 238 ut
1039 206 1114 237 me
1138 196 1305 251 portet,
1332 187 1430 234 alat
1452 190 1574 242 rex,'
1608 186 1674 232 20
1709 209 1711 215 ι

145 277 373 324 Officium
398 276 519 324 facio
534 293 545 334 ;
577 285 632 327 tu
656 276 813 338 poscis
838 276 948 322 vilia
980 290 1153 329 rerum,

144 361 302 408 Dante
326 361 496 416 minor,
522 360 734 422 quamvis
762 360 853 406 fers
877 368 922 406 te
947 358 1124 406 nullius
1143 356 1409 419 egentem.''

143 445 317 492 Omnis
340 444 636 506 Aristippum
661 443 823 490 decuit
847 443 975 490 color
999 450 1047 488 et
1078 449 1227 487 status
1251 448 1298 485 et
1322 455 1410 496 res,

143 529 436 576 Tentantem
461 528 656 590 majora,
684 526 782 573 fere
807 526 1120 589 praesentibus
1145 540 1346 586 aequum.

143 611 339 671 Contra,
365 628 504 674 quem
529 611 708 673 duplici
731 627 889 673 panno
912 609 1141 673 patientia
1163 608 1303 662 velat,
1610 603 1673 649 25

143 696 371 752 Mirabor,
398 696 503 742 vitae
528 696 605 742 via
628 695 667 742 si
691 711 919 742 conversa
943 693 1145 740 decebit.

143 779 280 826 Alter
303 795 591 842 purpureum
616 795 711 825 non
736 777 1033 840 exspectabit
1057 776 1300 829 amictum,

143 862 397 913 Quidlibet
421 864 615 910 indutus
639 862 952 909 celeberrima
973 877 1057 924 per
1080 861 1184 907 loca
1208 860 1365 914 vadet,

144 946 492 1008 Personamque
518 946 636 993 feret
660 963 756 993 non
781 945 1102 993 inconcinnus
1125 953 1400 1005 utramque:

141 1030 280 1077 Alter
304 1030 461 1077 Mileti
485 1039 661 1077 textam
686 1046 805 1077 cane
828 1030 964 1092 pejus
987 1038 1034 1076 et
1058 1043 1216 1090 angue
1609 1023 1673 1069 30

142 1113 326 1160 Vitabit
349 1114 649 1176 chlamydem
672 1130 684 1170 3
722 1113 946 1160 morietur
972 1113 1157 1175 frigore,
1183 1111 1223 1157 si
1249 1126 1345 1157 non

143 1197 406 1244 Rettuleris
430 1213 641 1259 pannum
661 1214 671 1243 :
708 1197 844 1255 refer,
871 1205 918 1242 et
942 1196 1044 1242 sine
1069 1195 1192 1241 vivat
1216 1194 1418 1255 ineptus.

206 1281 310 1327 Res
333 1297 498 1343 gerere
523 1291 571 1327 et
594 1266 759 1343 captos
782 1280 1032 1327 ostendere
1057 1278 1240 1325 civibus
1264 1278 1437 1334 hosteS,

142 1364 351 1427 Attingit
375 1365 542 1411 solium
568 1364 698 1411 Jovis
723 1373 770 1410 et
794 1363 1005 1410 coelestia
1029 1370 1179 1408 tentat
1201 1378 1210 1407 :

140 1447 441 1510 Principibus
464 1448 700 1510 placuisse
725 1447 849 1504 viris⁵
876 1463 972 1493 non
996 1445 1163 1491 ultima
1185 1444 1287 1490 laus
1318 1451 1404 1490 est.
1605 1441 1669 1489 85

140 1531 253 1579 Non
279 1532 429 1579 cuivis
454 1531 635 1578 homini
661 1530 895 1592 contingit
920 1530 1048 1576 adire
1069 1528 1365 1576 Corinthum.

140 1616 291 1672 Sedit,
315 1616 394 1678 qui
419 1616 575 1662 timuit
600 1631 660 1661 ne
688 1631 784 1661 non
810 1614 1089 1661 succederet
1110 1629 1122 1669 3
1158 1623 1258 1659 esto
1279 1628 1290 1657 z

138 1699 312 1750 Quid?
347 1700 426 1762 qui
450 1699 680 1762 pervenit,
707 1699 882 1745 fecitne
906 1697 1134 1744 viriliter?
1172 1695 1320 1758 Atqui

141 1783 238 1830 Hic
261 1793 347 1842 est,
374 1795 454 1830 aut
477 1800 724 1845 nusquam,
751 1784 874 1844 quod
899 1782 1151 1844 quaerimus
1171 1797 1182 1826 ι
1219 1781 1298 1827 hic
1321 1795 1441 1827 onus
1460 1779 1630 1834 horret,

140 1868 204 1915 Ut
228 1868 382 1930 parvis
407 1867 577 1913 animis
601 1876 648 1912 et
670 1883 813 1929 parvo
838 1882 1030 1927 corpore
1055 1865 1207 1927 majus
1227 1881 1239 1921 3
1600 1861 1666 1906 40

138 1952 236 2000 Hic
260 1952 385 1998 subit
409 1960 454 1998 et
478 1951 665 2012 perfert.
735 1951 835 1996 Aut
859 1949 1004 1995 virtus
1028 1964 1202 1994 nomen
1226 1947 1366 1993 inane
1392 1954 1477 2004 est,

139 2038 239 2083 Aut
263 2037 410 2082 decus
435 2043 481 2080 et
499 2033 703 2096 pretium
727 2031 857 2079 recte
883 2032 1000 2094 petit
1024 2031 1272 2093 experiens
1295 2029 1378 2076 vir.

204 2120 378 2167 Coram
402 2135 513 2181 rege
538 2118 623 2164 sua
648 2118 706 2163 de
729 2125 1002 2180 paupertate
1027 2123 1240 2161 tacentes

135 2198 251 2251 Plus
274 2212 503 2266 poscente
530 2202 694 2248 ferent.
764 2201 936 2256 Distat,
963 2215 1182 2245 sumasne
1205 2198 1452 2260 pudenter,

137 2289 219 2334 An
244 2287 398 2349 rapias
419 2303 428 2331 :
466 2286 594 2347 atqui
618 2301 774 2332 rerum
799 2292 941 2346 caput
965 2285 1055 2330 hoc
1079 2291 1193 2341 erat,
1220 2282 1298 2328 hic
1323 2282 1441 2329 fons.
1597 2281 1661 2327 45

138 2380 168 2400 “
187 2371 408 2418 Indotata
432 2369 546 2416 mihi
571 2385 698 2415 soror
722 2377 806 2427 est,
831 2367 1119 2431 paupercula
1141 2374 1304 2424 mater,
1649 2356 1655 2365 ¹

136 2455 199 2502 Et
223 2455 396 2501 fundus
420 2469 511 2500 nec
535 2452 799 2508 vendibilis,
825 2468 914 2498 nec
939 2467 1133 2513 pascere
1157 2449 1369 2504 firmus‚⁷'

133 2538 238 2589 Qui
262 2539 394 2594 dicit,
421 2538 605 2595 clamat,
646 2544 675 2565 ‘⁶
695 2537 892 2583 Victum
918 2535 1078 2581 date.”
1148 2533 1366 2581 Succinit
1389 2532 1533 2579 alter:

136 2631 167 2652 ‘⁶
189 2623 252 2670 Et
275 2623 390 2669 mihi
415 2622 606 2668 dividuo
632 2620 835 2667 findetur
858 2622 1055 2666 munere
1079 2618 1304 2680 quadra.'’

134 2707 233 2753 Sed
258 2707 430 2752 tacitus
453 2705 586 2768 pasci
610 2705 649 2751 si
672 2712 829 2766 posset
852 2720 1033 2762 corvus,
1061 2703 1256 2749 haberet
1594 2701 1661 2747 50

130 2790 248 2837 >Plus
272 2790 418 2852 dapis,
444 2798 491 2836 et
513 2790 625 2836 rixae
651 2786 798 2835 multo
824 2787 993 2846 minus,
1021 2786 1315 2848 invidiaeque.

201 2873 522 2920 Brundusium
545 2889 706 2920 comes
731 2881 811 2919 aut
836 2872 1117 2918 Surrentum
1141 2871 1313 2918 ductus
1337 2885 1589 2928 amcenum,

128 2956 233 3009 Qui
257 2957 466 3021 queritur
491 2957 698 3007 salebras
721 2964 769 3004 et
792 2956 1016 3004 acerbum
1042 2954 1189 3020 frigus
1211 2962 1259 3002 et
1282 2954 1471 3013 imbres,
