1894 3188
173 90 237 137 14

720 87 771 133 Q.
801 84 1038 125 HORATII
1066 84 1271 123 FLACCI

436 213 633 278 Ingrato
656 213 836 261 celeres
859 211 1017 259 obruit
1039 211 1136 258 otio

698 297 899 352 Ventos,
927 304 978 343 ut
1001 303 1200 343 caneret
1224 295 1326 342 fera

434 381 625 429 Nereus
649 381 768 428 fata:
806 389 837 411 “
856 380 987 427 Mala
1011 379 1148 426 ducis
1173 379 1247 426 avi
1272 380 1481 444 domum,
1507 419 1525 434 ‚f

432 465 598 517 Quam
623 466 772 513 multo
795 473 979 528 repetet
1002 464 1191 512 Graeeia
1213 464 1378 523 milite,

433 551 699 615 Conjurata
721 558 827 597 tuas
851 565 1072 612 rumpere
1105 548 1312 611 nuptias,

697 635 761 682 Et
783 651 984 698 regnum
1012 633 1192 682 Priami
1215 641 1363 680 vetus.
1392 682 1424 709 Α

433 718 601 768 Eheu!
640 728 845 782 quantus
870 719 1018 781 equiS,
1044 727 1250 781 quantus
1275 718 1409 765 adest
1432 717 1541 764 viris

434 804 590 852 Sudor
609 803 618 850 !
656 812 833 866 quanta
852 820 1013 851 moves
1038 803 1207 850 funera
1230 802 1470 855 Dardanae

432 886 606 936 Genti!
644 888 675 935 J
679 905 754 935 am
778 888 963 951 galeam
988 887 1159 946 Pallas,
1186 895 1234 934 et
1257 887 1423 949 aegida,

697 972 988 1034 Currusque,
1015 980 1063 1018 et
1085 971 1282 1027 rabiem,
1307 978 1453 1033 parat.
1458 1004 1495 1043 Ι,

429 1057 782 1120 Nequidquam,
809 1056 1015 1103 Veneris
1050 1056 1270 1118 praesidio
1295 1055 1438 1113 ferox,

431 1143 602 1190 Peotes
626 1141 889 1201 oaesariem,
915 1149 1145 1204 grataque
1166 1140 1371 1187 foeminis

431 1226 620 1274 Imbelli
646 1226 829 1274 cithara
854 1225 1068 1273 carmina
1100 1224 1281 1272 divides
1297 1241 1308 1282 3
1347 1270 1369 1309 θ.

692 1310 1031 1372 Nequidquam
1056 1310 1263 1356 thalamo
1286 1323 1452 1371 graves

430 1396 621 1455 Hastas,
647 1403 695 1442 et
711 1394 890 1446 ,calami
915 1394 1099 1457 spicula
1120 1392 1307 1449 Gnosii,
1322 1395 1327 1418 ·’

430 1480 637 1536 vitabis,
663 1479 1020 1542 strepitumque,
1048 1486 1097 1525 et
1120 1477 1326 1525 celerem
1350 1477 1482 1538 sequi

430 1563 661 1628 Ajacem:
698 1572 876 1619 tamen,
903 1563 998 1609 heu
1022 1560 1185 1629 serus!
1224 1560 1460 1608 adulteros

693 1646 865 1694 Crines
888 1647 1081 1710 pulvere
1105 1629 1318 1693 oollines.
1456 1683 1469 1707 ὁ

429 1731 543 1780 Non
567 1731 877 1787 Laertiaden,
904 1730 1103 1777 exitium
1127 1739 1220 1777 tuae

428 1816 612 1875 GentiS‚
640 1832 736 1862 non
755 1815 942 1878 Pylium
966 1814 1177 1862 Nestora
1200 1813 1396 1877 respicis
1417 1815 1435 1858 ἲ

430 1900 616 1965 Urgent
639 1900 864 1962 impavidi
888 1909 935 1946 te
962 1899 1252 1946 Salaminius

690 1984 900 2040 Teucer,
926 1993 973 2031 te
999 1984 1256 2031 Sthenelus
1281 1983 1437 2030 sciens

427 2070 622 2132 Pugnae,
649 2069 747 2116 sive
771 2086 889 2132 opus
913 2077 985 2116 est
1009 2068 1281 2131 imperitare
1307 2067 1453 2129 equis,

428 2154 542 2201 Non
562 2153 728 2217 auriga
749 2153 898 2216 piger.
968 2152 1220 2200 Merionen
1253 2167 1438 2214 quoque

427 2237 629 2286 Nosces,
700 2237 832 2284 Ecce
859 2237 970 2284 furit
994 2246 1040 2284 te
1064 2236 1270 2299 reperire
1296 2244 1427 2283 atrox

691 2322 924 2385 Tydides,
951 2322 1117 2369 melior
1141 2330 1272 2384 patre
1294 2338 1331 2387 :s

427 2407 591 2458 Quem
615 2416 683 2463 tu,
709 2423 876 2453 cervus
895 2406 965 2453 uti
985 2406 1117 2453 vallis
1142 2406 1191 2452 in
1216 2406 1361 2452 altera

427 2491 599 2538 Visum
622 2499 754 2553 parte
778 2490 942 2551 lupum
967 2489 1195 2552 graminis
1219 2489 1479 2546 immemor,

425 2574 633 2623 Sublimi
658 2574 811 2636 fugies
835 2573 987 2642 mollis
1012 2573 1240 2628 anhelitu,
1266 2632 1270 2636 ἡ

690 2657 804 2705 Non
829 2638 1180 2719 ho'ispollioitus
1204 2665 1310 2703 tuae.

429 2744 670 2792 Iracunda
693 2742 817 2788 diem
843 2742 1048 2804 proferet
1073 2741 1161 2788 Ilio

431 2828 759 2889 Matronisque
785 2826 1025 2888 Phrygum
1050 2825 1213 2872 elassis
1238 2824 1447 2871 Achillei
1468 2841 1478 2869 ε

432 2912 545 2960 Post
567 2920 721 2959 certas
746 2911 926 2957 hiemes
950 2918 1054 2957 uret
1078 2910 1295 2956 Achai'us

693 2994 826 3056 Ignis
851 2994 1135 3057 Pergameas
1162 2993 1374 3040 domos.''

1712 803 1772 849 10

1709 1225 1769 1270 15

1699 2067 1764 2111 25

1699 2487 1761 2533 30
