1894 3188
175 142 240 191 92

725 139 775 187 Q.
804 137 1043 178 HORATII
1072 135 1278 176 FLACCI

505 265 779 329 Consulque
804 280 901 312 non
925 264 1068 312 unius
1093 263 1221 322 anni,

570 351 667 398 Sed
691 349 875 412 quoties
900 349 1054 396 bonus
1078 357 1218 410 atque
1243 346 1367 394 fidus
1721 346 1785 393 40

441 434 471 482 J
476 435 602 482 udex
625 436 880 482 honestum
904 433 1112 496 praetulit
1138 431 1260 488 utili,
1286 440 1335 478 et

437 520 633 583 Rejecit
658 519 751 566 alto
776 519 902 566 dona
924 517 1207 565 nocentium

501 598 667 663 Vultu,
693 612 741 650 et
763 619 847 666 per
870 603 1118 650 obstantes
1142 610 1356 648 catervas

567 687 813 751 Explicuit
837 704 926 734 sua
949 687 1099 734 victor
1124 702 1269 733 arma.

438 772 552 820 Non
576 772 900 835 possidentem
923 771 1074 819 multa
1096 768 1340 818 vocaveris
1720 768 1784 815 45

435 854 595 903 Recte
620 857 812 902 beatum
835 872 844 903 ε
882 854 1062 902 rectius
1085 862 1293 916 occupat

499 940 693 987 Nomen
717 938 859 998 beati,
885 939 966 1001 qui
990 939 1188 985 deorum

570 1023 856 1070 Muneribus
881 1022 1118 1085 sapienter
1144 1021 1230 1077 uti,

435 1107 712 1170 Duramque
736 1107 878 1154 callet
900 1107 1177 1170 pauperiem
1201 1105 1316 1168 pati,

436 1192 671 1255 Pejusque
696 1193 790 1239 leto
814 1191 1047 1255 flagitium
1073 1191 1208 1238 timet
1228 1207 1239 1248 3
1717 1190 1783 1235 50

501 1277 614 1324 Non
639 1277 719 1324 ille
743 1293 827 1339 pro
852 1277 976 1324 caris
1001 1276 1169 1323 amicis

564 1364 665 1409 Aut
687 1361 837 1424 patri&
862 1361 1058 1408 timidus
1081 1359 1251 1423 perire.

835 1784 976 1832 ODE
1012 1784 1103 1831 IX.

774 1933 841 1964 AD
866 1933 1168 1966 LIGURINUM.

235 2052 283 2101 O
307 2068 552 2100 cnumzms
577 2052 749 2110 adhuc,
776 2060 824 2098 et
847 2050 1053 2098 Veneris
1078 2049 1358 2097 muneribus
1380 2057 1562 2112 potens,

235 2136 484 2199 Insperata
506 2146 600 2183 tuae
625 2152 770 2198 quum
796 2135 959 2182 veniet
981 2135 1148 2197 pluma
1172 2134 1423 2197 superbiae,
1540 2192 1542 2194 v

235 2221 311 2279 Et,
338 2238 441 2283 quae
467 2237 597 2267 nunc
623 2220 835 2267 humeris
860 2219 1125 2278 involitant‚
1152 2217 1421 2265 deciderint
1444 2234 1609 2277 comae,

234 2304 383 2353 Nunc
407 2314 455 2352 et
477 2305 557 2367 qui
582 2305 710 2351 color
734 2312 806 2350 est
829 2303 1048 2366 puniceae
1073 2302 1189 2349 flore
1212 2302 1338 2365 prior
1362 2318 1479 2349 rosae

235 2388 452 2436 Mutatus
475 2388 761 2452 Ligurinum
786 2388 835 2434 in
862 2387 1034 2434 faciem
1054 2387 1246 2434 verterit
1271 2386 1506 2450 hispidam
1528 2403 1541 2444 ς
1741 2389 1773 2433 5

234 2472 397 2532 DiceS‚
428 2481 459 2502 “
477 2471 617 2519 Heu!
638 2472 664 2493 ’'
705 2471 912 2535 (quoties
935 2480 982 2518 te
1006 2471 1056 2517 in
1082 2470 1278 2533 speculo
1301 2470 1474 2517 videris
1499 2469 1722 2536 alterum)

235 2562 264 2585 ‘¹
280 2556 408 2608 Quae
432 2573 568 2603 mens
592 2566 664 2603 est
688 2555 842 2614 hodie,
870 2571 956 2601 cur
980 2556 1148 2601 eadem
1174 2571 1270 2601 non
1294 2570 1443 2616 puero
1466 2553 1555 2600 fuit
1575 2556 1595 2599 Ἰ

233 2640 325 2688 Vel
349 2656 435 2688 cur
459 2640 533 2687 his
558 2639 733 2686 animis
758 2638 1022 2686 incolumes
1045 2654 1141 2685 non
1167 2638 1371 2686 redeunt
1394 2654 1530 2702 genae
1552 2639 1570 2684 Τ
1590 2638 1619 2659 ”
