1894 3188
146 76 209 146 ιε

679 77 730 124 Q.
759 76 999 117 HORATII
1025 75 1250 116 FLACCIV

804 287 945 336 ODE
972 288 1093 336 XV.

715 437 782 468 AD
818 437 1175 469 TYNDARIDEM.

411 557 592 604 VELox
617 571 860 603 amoenurn
885 555 1012 619 saepe
1037 556 1332 604 Lucretilem

414 641 574 689 Mutat
596 640 774 703 Lycaeo
797 640 1011 700 Faunus,
1038 649 1086 688 et
1109 641 1300 704 igneam

475 725 708 773 Defendit
733 734 947 772 aestatem
975 725 1172 788 capellis

536 809 698 872 Usque
723 809 861 866 meis,
886 809 1167 872 pluviosque
1186 820 1368 858 ventos.

409 892 615 958 Impune
639 903 797 941 tutum
820 911 905 957 per
929 910 1101 941 nemus
1136 895 1331 942 arbutos

414 979 659 1031 Quaerunt
681 979 886 1026 latentes
905 988 954 1025 et
976 980 1141 1041 thyma
1164 979 1313 1026 deviae

473 1063 666 1111 Olentis
690 1079 863 1110 uxores
889 1063 1047 1109 mariti
1068 1079 1081 1120 3

542 1147 654 1195 Nec
677 1148 853 1195 virides
877 1155 1100 1195 metuunt
1124 1148 1361 1205 colubras,

409 1233 522 1281 Nec
544 1232 800 1280 Martiales
825 1232 1056 1279 haeduleae
1081 1232 1217 1295 lupos
1239 1249 1253 1290 ς

410 1318 667 1379 Utcunque
692 1316 839 1371 dulci,
866 1316 1101 1378 Tyndari,
1123 1316 1279 1363 fistula

478 1402 646 1449 Valles
670 1409 718 1448 et
742 1400 922 1448 Usticae
954 1401 1177 1448 cubantis

541 1486 691 1534 Levia
714 1484 1006 1548 personuere
1031 1502 1158 1541 saxa.

415 1571 478 1618 Di
503 1587 581 1618 me
604 1579 799 1618 tuentur
822 1587 831 1617 :
870 1569 944 1617 dis
967 1570 1120 1632 pietas
1143 1586 1253 1617 mea

409 1655 475 1704 Et
496 1655 641 1703 Musa
663 1656 797 1702 cordi
822 1664 909 1702 est.
980 1654 1080 1702 Hic
1103 1654 1189 1701 tibi
1213 1656 1352 1718 copia

475 1741 700 1788 Manabit
723 1740 784 1786 ad
806 1739 1003 1802 plenum
1028 1738 1239 1801 benigno

542 1825 693 1872 Ruris
718 1825 953 1871 honorum
977 1824 1206 1885 opulenta
1228 1839 1392 1871 cornu.

426 1909 526 1957 Hic
550 1909 600 1956 in
619 1909 820 1956 reducta
845 1909 966 1955 valle
992 1908 1241 1955 Caniculae

419 1994 609 2044 Vitabis
635 2002 806 2050 aestus3
843 2002 892 2040 et
916 1993 1009 2040 fide
1035 1993 1161 2040 Teia

484 2078 634 2126 Dices
657 2078 930 2125 laborantes
955 2078 1005 2124 in
1030 2094 1128 2124 uno

547 2163 823 2225 Penelopen
848 2162 1140 2224 vitreamque
1166 2160 1358 2208 Circen.

419 2247 519 2295 Hic
543 2247 816 2294 innocentis
839 2247 1013 2309 pocula
1032 2246 1196 2293 Lesbii

418 2331 584 2379 Duces
607 2332 696 2378 sub
720 2331 888 2378 umbra
909 2348 920 2376 ι
957 2347 1050 2378 nec
1075 2330 1344 2377 Semeleius

487 2416 611 2463 Cum
638 2416 796 2463 Marte
821 2415 1087 2462 confundet
1111 2415 1377 2477 Thyoneus

550 2499 724 2547 Proelia
745 2517 757 2556 3
794 2515 886 2546 nec
910 2507 1095 2547 metues
1118 2507 1375 2560 protervos.

1659 273 1674 393 ,αις-ην.

1700 1322 1761 1367 10

1702 1743 1762 1789 15

1702 2164 1767 2211 :20
