1894 3188
170 86 273 135 222
692 83 741 130 Q.
771 83 1008 124 HORATII
1041 84 1245 125 FLACCI

238 209 336 257 Sed
359 217 469 256 tuus
492 208 571 256 hic
593 209 810 272 populus,
837 209 1024 272 sapiens
1048 219 1095 257 et
1114 210 1268 274 justus
1293 211 1342 258 in
1366 227 1475 271 uno,

237 292 314 340 Te
338 292 509 340 nostris
533 293 748 352 ducibuS,
774 302 819 340 te
844 294 1004 341 Graiis
1028 295 1350 354 anteferendo,

237 376 423 424 Caetera
446 377 740 439 nequaquam
766 377 906 424 simili
930 378 1112 424 ratione
1137 379 1368 440 modoque
1693 380 1758 426 20

237 461 493 520 AEstimat;
530 472 590 520 et,
616 461 706 508 nisi
730 478 832 523 quae
857 462 993 508 terris
1017 472 1195 509 semota
1218 463 1407 525 suisque

237 545 554 608 Temporibus
578 546 804 593 defuncta
827 546 967 605 videt,
995 546 1175 593 fastidit
1198 556 1245 593 et
1267 548 1365 593 odit
1385 564 1395 592 ε

236 630 319 677 Sic
343 631 494 677 fautor
519 639 744 686 veterum,
771 639 822 677 ut
845 631 1027 677 tabulas
1051 647 1250 693 peccare
1277 639 1501 687 vetantes,

233 714 373 765 Quas
396 715 469 761 bis
492 715 697 776 quinque
722 715 806 761 viri
832 723 1105 769 sanxerunt,
1131 715 1307 761 foedera
1330 731 1494 778 regum

234 798 323 845 Vel
347 798 512 846 Gabiis
535 799 607 845 vel
633 815 741 845 cum
767 798 930 861 rigidis
955 808 1136 860 aequata
1161 799 1364 858 Sabinis,
1692 801 1756 846 25

234 882 518 930 Pontificum
544 883 700 941 libros,
727 899 906 930 annosa
929 883 1166 929 volumina
1191 891 1364 941 vatum,

233 966 433 1014 Dictitet
457 967 645 1013 Albano
670 966 835 1012 Musas
859 966 907 1012 in
932 975 1091 1013 monte
1115 966 1310 1013 locutas.

299 1051 369 1107 Si,
393 1050 503 1113 quia
525 1051 798 1098 Graecorurn
825 1059 934 1096 sunt
959 1050 1283 1112 antiquissima
1306 1066 1501 1113 quaeque

234 1135 422 1198 Scripta
444 1135 515 1181 vel
540 1135 730 1197 optima,
751 1134 959 1181 Romani
983 1143 1243 1196 pensantur
1262 1135 1431 1181 eadem

234 1219 496 1282 Scriptores
520 1219 710 1274 trutina,
736 1235 831 1265 non
857 1228 928 1265 est
951 1218 1075 1280 quod
1102 1219 1248 1265 multa
1270 1219 1512 1280 loquamur
1535 1235 1544 1264 :
1691 1219 1754 1265 30

232 1304 315 1351 Nil
339 1304 465 1350 intra
487 1312 559 1350 est
580 1303 748 1358 oleam,
775 1303 839 1349 nil
865 1311 998 1348 extra
1022 1312 1094 1349 est
1118 1303 1164 1348 in
1190 1319 1328 1361 nuce,
1355 1301 1475 1348 duri.

233 1387 466 1434 Venimus
490 1387 548 1433 ad
574 1403 808 1433 summum
835 1385 1032 1433 fortunae
1054 1402 1064 1432 ε
1101 1386 1340 1448 pingimus
1365 1395 1503 1447 atque

233 1471 486 1518 Psallimus
508 1479 556 1517 et
578 1471 811 1517 luctamur
835 1470 1034 1515 Achivis
1058 1469 1240 1516 doctius
1271 1469 1443 1516 unctis.

233 1556 285 1602 Si
310 1555 505 1602 meliora
527 1554 644 1609 dies,
671 1563 722 1599 ut
748 1553 871 1607 vina,
897 1556 1115 1614 poemata
1140 1553 1307 1610 reddit,

231 1639 367 1686 Scire
391 1638 529 1684 velim
553 1637 754 1699 pretium
780 1636 955 1682 chartis
979 1644 1147 1697 quotus
1172 1644 1356 1698 arroget
1381 1651 1546 1682 annus.
1688 1638 1752 1685 35

232 1723 442 1786 Scriptor
466 1721 640 1768 abhinc
664 1736 813 1766 annos
837 1728 1030 1766 centum
1054 1720 1132 1781 qui
1158 1719 1349 1777 decidit,
1375 1719 1497 1766 inter

233 1807 472 1854 Persectos
496 1814 770 1865 veteresque
796 1803 958 1850 referri
985 1804 1139 1862 debet,
1168 1820 1230 1849 an
1255 1803 1378 1850 inter

231 1892 364 1940 Viles
388 1899 524 1952 atque
549 1890 728 1935 novos?
766 1888 987 1935 excludat
1005 1887 1161 1950 jurgia
1186 1887 1375 1934 finis.—

231 1976 318 2023 Est
341 1983 473 2022 vetus
498 1982 635 2035 atque
659 1974 848 2034 probuS‚
874 1982 1067 2019 centum
1092 1972 1170 2034 qui
1195 1972 1379 2034 perficit
1404 1988 1634 2020 annos.—

228 2059 378 2118 Quid,
403 2057 482 2120 qui
506 2056 706 2119 deperiit
729 2055 881 2102 minor
908 2072 1001 2102 uno
1027 2071 1206 2111 mense,
1234 2056 1302 2102 vel
1329 2072 1470 2112 anno,
1688 2057 1752 2105 40

229 2145 360 2192 Inter
383 2158 499 2205 quos
521 2140 796 2187 referendus
820 2139 943 2186 erit'l
980 2149 1224 2186 veteresne
1248 2143 1428 2202 poetas,

229 2230 310 2275 An
334 2243 449 2289 quos
473 2234 519 2272 et
541 2240 748 2287 praesens
773 2232 820 2270 et
843 2232 1028 2286 postera
1051 2233 1240 2286 respuet
1271 2232 1383 2270 aetas
1403 2225 1491 2269 ‘2—

231 2313 326 2359 Iste
350 2311 540 2373 quidem
563 2317 745 2355 veteres
769 2307 891 2354 inter
914 2316 1116 2369 ponetur
1137 2307 1344 2365 honeste,

231 2395 334 2447 Qui
358 2395 429 2441 vel
455 2409 617 2440 mense
642 2392 770 2438 brevi
795 2391 866 2438 vel
891 2399 988 2438 toto
1011 2399 1083 2437 est
1100 2390 1259 2453 junior
1283 2407 1493 2438 anno.—

230 2480 346 2527 Utor
368 2477 611 2540 permisso,
637 2476 895 2536 caudaeque
919 2475 1039 2537 pilos
1063 2483 1114 2521 ut
1136 2474 1320 2536 equinae
1683 2476 1749 2522 45

231 2561 464 2610 Paulatim
488 2560 621 2618 vello,
646 2568 694 2605 et
718 2560 856 2606 demo
880 2574 1044 2616 unum,
1071 2559 1209 2605 demo
1232 2558 1372 2604 etiam
1397 2574 1573 2615 unum3

230 2647 357 2693 Dum
381 2645 538 2700 cadat,
562 2644 721 2690 elusus
745 2642 925 2689 ratione
950 2642 1131 2689 ruentis
1155 2642 1326 2697 acervi,

228 2730 332 2781 Qui
355 2729 477 2775 redit
499 2728 558 2775 ad
582 2728 741 2783 fastos,
767 2735 814 2773 et
839 2726 1058 2773 virtutem
1083 2727 1281 2773 aestimat
1304 2725 1460 2782 annis,

230 2813 523 2872 Miraturque
548 2811 666 2857 nihil
693 2810 784 2857 nisi
808 2810 932 2872 quod
959 2810 1167 2856 Libitina
1185 2809 1401 2856 sacravit.

296 2895 498 2952 EnniuS‚
522 2902 571 2940 et
594 2894 782 2956 sapiens
805 2901 853 2940 et
877 2892 1021 2953 fortis,
1046 2901 1095 2940 et
1117 2893 1232 2939 alter
1257 2892 1509 2952 Homerus,
1683 2892 1750 2950 50

231 2981 295 3030 Ut
312 2978 465 3029 critici
487 2977 670 3034 dicunt,
694 2977 857 3044 leviter
880 2993 1047 3025 curare
1070 2976 1253 3024 videtur
