1894 3188
140 118 240 165 114
666 109 716 156 Q·
745 108 987 149 HORATII
1015 107 1223 147 FLACCI

794 301 936 350 ODE
971 301 1091 349 XII.

747 452 815 484 AD
853 450 1121 482 CANIDIAM.

809 581 1063 609 HORATIUS.

396 661 502 708 JAM
523 661 624 724 jam
649 659 836 708 effic-aci
862 659 923 706 do
947 674 1120 705 manus
1146 656 1361 704 scientiae
1381 675 1393 715 ;

394 746 608 808 Supplex
632 753 682 792 et
704 760 787 791 oro
811 760 963 807 regna
985 759 1068 805 per
1093 742 1410 804 Proserpinae,

393 829 485 877 Per
509 838 557 876 et
581 829 752 875 Dianae
778 845 874 875 non
900 828 1136 875 movenda
1160 826 1376 882 numina,

391 914 484 961 Per
510 923 649 976 atque
674 913 820 960 libros
845 912 1115 960 carminum
1142 910 1402 958 valentium

392 999 570 1046 Refixa
594 997 717 1045 coelo
743 998 976 1044 devocare
1003 996 1174 1055 sidera,
1712 995 1742 1040 5

391 1083 613 1142 Canidia,
639 1099 784 1145 parce
809 1082 1006 1129 vocibus
1031 1081 1226 1128 tandem
1246 1079 1410 1138 sacriS‚

387 1167 646 1229 Citumque
671 1176 797 1215 retro
822 1167 967 1223 solve,
995 1167 1137 1224 solve,
1159 1165 1415 1212 turbinem.

384 1250 538 1299 Movit
561 1260 784 1314 nepotem
815 1251 1066 1313 Telephus
1090 1250 1139 1296 N
1143 1252 1342 1308 erei'um,

385 1335 443 1383 In
472 1353 614 1398 quem
639 1337 875 1399 superbus
898 1336 1143 1383 ordinarat
1167 1333 1362 1397 agmina

381 1420 647 1483 Mysorum,
673 1431 721 1468 et
745 1421 796 1468 in
820 1437 964 1482 quem
989 1419 1086 1466 tela
1110 1427 1251 1465 acuta
1275 1425 1491 1464 torserat.
1678 1417 1736 1462 10

379 1504 574 1552 Unxere
601 1514 778 1561 matres
802 1505 906 1551 Iliae
929 1503 1177 1550 addictum
1203 1501 1316 1547 feris

376 1589 591 1635 Alitibus
613 1597 754 1651 atque
779 1587 982 1634 canibus
1007 1586 1298 1633 homicidam
1325 1585 1603 1643 Hectorem,

382 1673 638 1735 Postquam
665 1672 846 1720 relictis
871 1671 1111 1718 moenibus
1135 1687 1220 1717 rex
1242 1670 1461 1732 procidit,

379 1756 521 1804 Heu!
559 1757 826 1820 pervicacis
851 1757 912 1803 ad
937 1756 1086 1818 pedes
1107 1754 1334 1801 Achillei.

376 1842 546 1888 Setosa
569 1841 701 1888 duris
725 1840 903 1888 exuere
929 1840 1135 1902 pellibus
1670 1841 1729 1885 15

373 1921 621 1969 Laboriosi
645 1921 853 1985 remiges
888 1921 1092 1982 Ulyssei',

374 2006 583 2053 Volente
609 2006 768 2065 Circe,
795 2006 1043 2062 membra-3
1083 2014 1200 2051 tunc
1225 2019 1376 2058 mens,
1403 2012 1452 2050 et
1476 2018 1623 2050 sonus

369 2090 628 2153 Relapsus,
656 2099 799 2152 atque
825 2098 968 2137 notus
992 2089 1041 2136 in
1067 2088 1225 2135 vultus
1252 2088 1417 2134 honor.

371 2173 499 2221 Dedi
524 2172 639 2221 satis
663 2173 901 2236 superque
925 2189 1175 2236 poenarum
1196 2172 1300 2227 tibi,

370 2259 550 2305 Amata
573 2258 732 2305 nautis
757 2257 960 2305 multum
987 2267 1034 2305 et
1058 2257 1371 2305 institoribus.
1659 2254 1723 2301 20

369 2342 518 2406 Fugit
537 2343 776 2406 juventas,
803 2352 851 2390 et
875 2343 1176 2390 verecundus
1201 2341 1329 2388 color

371 2426 591 2488 Reliquit
613 2443 723 2474 ossa
746 2427 869 2489 pelle
895 2427 1070 2473 amicta
1093 2426 1246 2473 lurida
1268 2444 1279 2483 3

369 2510 496 2557 Tuis
521 2511 722 2573 capillus
747 2511 882 2558 albus
906 2519 980 2557 est
1003 2510 1243 2557 odoribus.

366 2593 569 2641 Nullum
597 2611 624 2641 a
646 2594 809 2641 labore
835 2610 912 2640 me
938 2593 1141 2640 reclinat
1164 2593 1311 2639 otium
1332 2608 1342 2637 :

366 2676 520 2740 Urget
543 2677 671 2724 diem
697 2693 808 2732 nox,
835 2686 883 2723 et
907 2677 1009 2723 dics
1034 2686 1226 2723 noctem
1248 2693 1258 2734 ;
1297 2692 1452 2738 neque
1479 2685 1551 2723 est
1651 2675 1716 2720 25

369 2760 553 2808 Levare
578 2769 712 2807 tenta
735 2760 903 2823 spiritu
927 2759 1205 2822 praecordia.

365 2845 497 2908 Ergo
521 2853 752 2908 negatum
776 2845 940 2892 vincor
965 2853 1016 2890 ut
1040 2844 1233 2891 credam
1258 2843 1416 2902 miser,

363 2929 560 2976 Sabella
583 2938 753 2992 pectus
776 2928 1027 2990 increpare
1052 2928 1283 2983 carmina,

356 3011 614 3076 Caputque
640 3012 805 3060 Marsa
828 3012 1033 3060 dissilire
1058 3012 1230 3059 naenia.
