1894 3188
118 111 217 163 126
641 107 692 153 Q.
722 106 960 146 HORATII
989 106 1195 146 FLACCI

180 233 240 282 In
263 233 384 296 pede
410 232 602 280 calceus
626 232 787 279 haeret.
790 231 924 279 —At
947 241 1019 279 est
1043 232 1208 292 bonus,
1234 240 1287 279 ut
1309 232 1475 280 melior
1498 232 1568 280 vir

181 318 295 366 Non
320 317 439 364 alius
464 316 742 394 quisquam.
780 325 826 363 at
851 316 936 363 tibi
961 316 1175 364 amicus:
1212 325 1259 364 at
1278 317 1526 380 ingenium
1544 316 1717 381 ingens

137 418 140 423 ’
181 401 372 449 Inculto
396 394 521 447 latet
532 390 625 447 hoc
648 400 736 446 sub
760 416 971 462 corpore.
1041 400 1260 462 Denique
1285 409 1331 447 te
1356 401 1511 463 ipsum

182 485 417 545 Concute,
442 501 558 532 num
582 501 674 546 qua
699 484 785 531 tibi
809 484 1028 532 vitiorum
1053 485 1277 532 inseverit
1298 485 1413 532 olim
1652 484 1717 531 35

181 570 386 627 Natura,
413 578 497 617 aut
521 569 664 616 etiam
690 570 987 636 consuetudo
1013 570 1167 639 mala·
1205 585 1411 632 namque

182 652 434 716 Neglectis
456 651 640 698 urenda
663 636 761 697 filix
784 633 1048 699 innascitur
1073 651 1213 715 agris·

248 736 372 783 Illuc
395 743 744 798 praevertamur‚
771 744 1031 782 amatorem
1055 734 1182 797 quod
1207 734 1374 782 amicae

182 818 368 882 Turpia
393 819 639 882 decipiunt
662 834 843 865 caecum
869 819 997 875 vitia,
1025 819 1268 866 autetiam
1292 819 1396 881 ipsa
1419 818 1521 865 haec

181 904 463 962 Delectant3
502 904 646 951 veluti
670 903 924 951 Balbinum
950 903 1148 965 polypus
1174 903 1375 965 Hagnae.
1654 899 1719 947 40

181 989 370 1037 Vellem
395 988 444 1035 in
470 988 682 1035 amicitia
707 989 776 1035 sic
800 1003 1081 1050 erraremus,
1107 995 1155 1033 et
1182 987 1260 1034 isti

183 1070 344 1118 Errori
369 1086 545 1117 nomen
569 1069 716 1116 virtus
740 1069 974 1131 posuisset
993 1069 1260 1115 honestum.

183 1154 265 1213 At,
290 1162 423 1216 pater
447 1161 500 1200 ut
523 1153 672 1216 gnati,
698 1153 767 1200 sic
792 1169 879 1200 nos
903 1153 1132 1211 debemus
1152 1151 1311 1208 amici,

182 1239 237 1287 Si
261 1239 384 1301 quod
411 1238 471 1285 sit
494 1238 678 1294 vitium,
704 1254 800 1284 non
827 1236 1053 1284 fastidire.
1124 1237 1409 1283 Strabonem

183 1323 408 1385 Appellat
431 1331 606 1384 paetum
629 1331 762 1385 pater
783 1339 793 1379 3
831 1331 878 1368 et
900 1321 1098 1384 pullum,
1125 1319 1248 1366 male
1272 1335 1444 1382 parvus
1654 1317 1718 1363 45

185 1407 238 1455 Si
260 1407 339 1454 cui
363 1407 486 1453 filius
511 1415 596 1465 est,
622 1415 674 1453 ut
699 1406 940 1453 abortivus
966 1405 1053 1452 fuit
1083 1405 1196 1452 olim

184 1491 448 1553 Sisyphus:
486 1491 616 1537 hunc
640 1507 818 1549 varum,
844 1489 1052 1536 distortis
1077 1488 1326 1545 cruribus;
1363 1486 1496 1534 illum

183 1574 396 1623 Balbutit
419 1590 655 1632 scaurum,
680 1558 837 1636 pravis
861 1573 1031 1619 fultum
1055 1570 1179 1618 male
1205 1571 1326 1618 talis.

184 1659 383 1707 Parcius
407 1659 486 1705 hic
510 1657 660 1704 vivit-'3
700 1657 824 1719 frugi
849 1657 1034 1703 dicatur
1056 1672 1066 1701 ε
1104 1655 1293 1717 ineptus

182 1743 246 1792 Et
265 1742 520 1806 jactantior
545 1741 624 1787 hic
647 1740 788 1803 paulo
814 1749 886 1787 est
907 1742 924 1785 Ί
963 1739 1231 1785 concinnus
1257 1738 1423 1785 amicis
1653 1739 1719 1786 50

184 1827 398 1875 Postulat
422 1835 474 1872 ut
498 1826 711 1871 videatur
734 1841 744 1870 :
781 1832 831 1870 at
854 1833 926 1870 est
949 1823 1277 1878 truculentior,
1303 1831 1443 1884 atque

184 1907 295 1955 Plus
320 1923 452 1968 aequo
478 1906 595 1952 liber
618 1907 634 1950 Τ
673 1905 873 1967 simplex
898 1904 1120 1964 fortisque
1145 1904 1390 1950 habeatur.

183 1991 377 2039 Caldior
402 1992 508 2037 est?
547 2005 680 2036 acres
706 1989 827 2035 inter
853 1997 1157 2034 numeretur:
1194 1988 1377 2050 opinor,

185 2076 308 2124 Haec
332 2091 406 2122 res
431 2083 478 2122 et
498 2074 675 2139 jungit,¹
696 2073 890 2136 junctos
914 2081 962 2119 et
986 2080 1141 2118 servat
1165 2072 1359 2119 amicos.

184 2161 253 2208 At
276 2176 362 2206 nos
387 2159 583 2205 virtutes
608 2158 733 2220 ipsas
757 2157 1053 2211 invertimuS,
1080 2164 1218 2217 atque
1654 2155 1719 2202 55

187 2244 440 2292 Sincerum
465 2242 686 2304 cupimus
710 2257 790 2287 vas
815 2240 1094 2287 incrustare.
1164 2239 1346 2286 Probus
1369 2238 1474 2300 quis

185 2327 454 2376 Nobiscum
479 2326 618 2383 vivit3
655 2322 858 2371 multiim
882 2333 955 2370 est
978 2323 1213 2370 demissus
1237 2312 1377 2370 homo
1397 2339 1410 2371 z
1447 2322 1514 2369 illi

186 2411 352 2459 Tardo
376 2425 642 2473 cognomen
666 2408 834 2471 pingui
858 2409 1053 2454 damus:
1091 2407 1170 2453 hic
1195 2406 1314 2469 fugit
1337 2422 1502 2453 omnes

187 2495 409 2553 Insidias,
436 2493 649 2555 nullique
674 2492 798 2539 malo
823 2492 946 2538 latus
969 2490 1102 2538 obdit
1126 2500 1357 2552 apertum,

187 2578 355 2629 Quum
381 2594 532 2641 genus
557 2577 647 2624 hoc
671 2577 794 2623 inter
819 2575 924 2622 vitae
950 2583 1173 2632 versetur,
1200 2574 1281 2620 ubi
1307 2573 1430 2620 acris
1655 2573 1720 2619 60

187 2662 375 2710 Invidia
400 2670 537 2722 atque
561 2661 722 2722 vigent
747 2659 828 2706 ubi
853 2658 1083 2714 crimina3
1119 2673 1202 2719 pro
1227 2657 1349 2703 bene
1373 2671 1491 2705 sano

188 2746 267 2793 Ac
290 2761 385 2792 non
410 2745 619 2799 incauto,
645 2743 808 2789 fictum
833 2750 1133 2802 astutumque
1153 2756 1391 2787 vocamus.

189 2827 459 2891 Simplicior
483 2827 600 2888 quis,
626 2835 673 2872 et
696 2835 768 2873 est
791 2826 978 2888 qualem
1003 2840 1078 2871 me
1103 2822 1227 2886 saepe
1254 2824 1456 2871 libenter

192 2911 466 2960 Obtulerim
492 2910 594 2966 tibi,
621 2911 885 2968 Maecenas,
911 2917 964 2956 ut
989 2905 1107 2955 forte
1133 2908 1374 2970 legentem

190 2996 291 3044 Aut
313 2995 512 3043 tacitum
535 2994 749 3056 impellat
771 2993 935 3056 quovis
958 3007 1176 3040 sermone
1195 2993 1213 3037 i
1252 2996 1278 3017 “
1298 2988 1562 3039 Molestus!
1648 2989 1719 3037 65
