1894 3188
159 138 258 186 140
531 193 534 196 Α
683 131 733 177 Q.
763 130 1001 170 HORATII
1030 131 1173 171 FLAC
1180 131 1235 172 01

220 256 455 307 Fascibus
479 264 528 303 et
551 256 680 303 sellis
704 257 852 304 nolim
878 257 996 304 mihi
1023 275 1209 307 sumere
1230 277 1241 318 3
1280 260 1478 309 demens

219 341 416 390 Judicio
440 341 568 404 vulgi
589 358 600 399 3
639 358 783 388 sanus
809 341 1005 389 fortasse
1030 352 1127 403 tuo,
1153 344 1281 406 quod

218 427 412 475 Nollem
468 442 605 488 onUS,
665 426 793 473 haud
854 443 1065 489 unquam
1123 428 1304 486 solitus,
1349 437 1538 492 portare
1594 428 1767 478 moles-

347 519 464 557 tum.

215 594 345 644 Nam
369 595 486 642 mihi
512 594 742 643 continuo
768 595 916 658 major
941 598 1197 658 quaerenda
1221 598 1341 645 foret
1370 614 1463 655 res,
1667 598 1760 645 100

216 680 377 742 Atque
403 680 641 727 salutandi
664 680 824 742 plures
844 698 855 738 ;
893 681 1144 728 ducendus
1168 691 1215 728 et
1242 699 1367 729 unus

215 763 280 812 Et
303 780 465 811 comes
490 764 623 820 alter,
650 762 719 810 uti
745 780 805 811 ne
831 765 958 811 solus
983 781 1120 812 rusve
1144 765 1404 829 peregreve

216 847 412 897 Exirem
432 865 443 906 3
480 848 639 912 plures
664 848 857 895 calones
882 862 1021 910 atque
1047 849 1219 896 caballi

216 932 456 981 Pascendi
478 949 491 990 3
529 933 754 979 ducenda
777 933 1017 995 petorrita.
1087 933 1237 981 Nunc
1261 935 1379 981 mihi
1404 944 1539 983 curto

217 1017 296 1064 Ire
319 1017 433 1064 licet
458 1017 602 1072 mulo,
628 1017 717 1075 vel,
745 1016 784 1063 si
808 1017 936 1077 libet,
964 1033 1113 1078 usque
1138 1017 1422 1078 Tarentum,
1665 1018 1759 1066 105

217 1101 435 1149 Mantica
460 1102 539 1148 cui
564 1101 750 1148 lumbos
774 1117 919 1148 onere
945 1101 1141 1161 ulceret,
1169 1111 1308 1164 atque
1333 1118 1479 1165 eques
1503 1118 1674 1151 armos

218 1186 431 1249 Objiciet
454 1202 597 1232 nemo
622 1173 785 1233 sordes
809 1185 943 1241 mihi,
970 1181 1211 1247 quas‘tibi,
1238 1186 1389 1243 Tulli,

215 1270 384 1321 Quum
411 1270 616 1317 Tiburte
640 1266 714 1316 via
737 1278 988 1332 praetorem
1013 1270 1222 1332 quinque
1248 1277 1509 1332 sequuntur

216 1355 294 1402 Te
318 1355 468 1417 pueri,
495 1355 714 1401 lasanum
738 1363 981 1416 portantes
1005 1355 1428 1417 oenophorumque.

216 1439 327 1486 Hoc
351 1455 441 1501 ego
465 1438 777 1497 commodius,
803 1437 944 1500 quam
969 1447 1038 1493 tu,
1063 1439 1290 1501 praeclare
1323 1420 1527 1496 senator,
1668 1440 1761 1486 110

217 1522 431 1570 Millibus
457 1531 595 1583 atque
621 1521 725 1570 aliis
750 1521 854 1568 vivo
877 1537 886 1568 :
924 1524 1208 1583 quacunque
1234 1522 1382 1569 libido
1406 1531 1493 1582 est,

217 1607 400 1655 Incedo
425 1606 586 1662 solus3
622 1614 875 1667 percontor
899 1605 1063 1666 quanti
1087 1605 1191 1652 olus
1217 1621 1273 1652 ac
1298 1607 1397 1663 sarr,

217 1692 461 1740 Fallacem
487 1690 670 1736 circum
695 1689 1110 1752 vespertinumque
1135 1706 1326 1751 pererro

219 1774 359 1839 Saepe
385 1775 536 1822 forum
558 1791 570 1830 3
609 1773 779 1820 assisto
802 1773 1006 1830 divinis;
1046 1773 1157 1819 inde
1185 1774 1378 1820 domurn
1402 1789 1479 1821 me

219 1861 299 1908 Ad
323 1860 448 1923 porri
473 1868 521 1906 et
545 1850 716 1905 ciceris
741 1858 894 1904 refero
919 1858 1172 1920 laganique
1198 1858 1444 1905 catinum:
1666 1860 1760 1906 115

220 1945 375 1993 Coena
398 1943 694 1990 ministratur
719 1941 878 2004 pueris
902 1941 1083 1998 tribus3
1121 1953 1168 1988 et
1192 1942 1311 2004 lapis
1336 1942 1472 1988 albus

218 2028 398 2077 Pocula
423 2044 530 2074 cum
557 2027 729 2089 cyatho
753 2026 846 2072 duo
869 2025 1073 2072 sustinet
1092 2044 1103 2083 3
1143 2026 1296 2072 adstat
1319 2026 1494 2073 echino

219 2113 344 2162 Vilis
364 2128 475 2159 cum
499 2112 662 2174 patera
686 2118 863 2172 gustus,
891 2109 1140 2171 Campana
1165 2109 1393 2171 supellex.

220 2197 410 2246 Deinde
435 2212 491 2242 eo
516 2194 787 2253 dormitum,
813 2210 909 2240 non
935 2193 1165 2240 sollicitus
1190 2193 1307 2239 mihi
1330 2192 1458 2254 quod
1482 2208 1589 2240 cras

222 2281 528 2344 surgendum
554 2279 613 2325 sit
637 2276 793 2336 mane,
819 2278 1070 2324 obeundus
1094 2277 1307 2339 Marsya,
1333 2277 1413 2338 qui
1438 2292 1489 2323 se
1664 2277 1759 2325 120

218 2366 417 2414 Vultum
444 2364 563 2410 ferre
588 2371 733 2426 negat
757 2361 1018 2409 Noviorum
1042 2377 1180 2423 posse
1205 2360 1415 2408 minoris.

220 2451 299 2498 Ad
325 2458 538 2511 quartam
560 2447 728 2510 jace03
764 2455 869 2509 post
894 2447 1019 2492 hanc
1043 2461 1186 2507 vagor
1207 2461 1217 2502 3
1256 2454 1339 2491 aut
1370 2460 1474 2507 ego,
1500 2444 1626 2493 lecto

220 2535 323 2582 Aut
346 2533 522 2594 scripto
546 2532 670 2594 quod
695 2547 771 2577 me
796 2530 994 2577 tacitum
1015 2529 1161 2591 juvet,
1187 2544 1339 2590 ungor
1363 2528 1501 2588 olivo,

219 2617 334 2665 Non
358 2632 450 2678 quo
476 2615 703 2662 fraudatis
727 2614 1002 2660 immundus
1026 2612 1175 2658 Natta
1202 2611 1426 2658 lucernis.

221 2702 330 2755 Ast,
355 2700 437 2746 ubi
463 2715 538 2746 me
563 2699 738 2745 fessum
765 2697 833 2744 sol
859 2697 1010 2743 acrior
1036 2696 1103 2742 ire
1128 2696 1334 2742 lavatum
1663 2697 1758 2744 125

222 2783 505 2837 Admonuit,
533 2783 662 2845 fugio
686 2781 859 2829 rabiosi
885 2789 1101 2843 tempora
1126 2779 1265 2841 signi.

220 2869 430 2917 Pransus
454 2882 552 2913 non
578 2865 730 2924 avide,
756 2874 985 2927 quantum
1010 2863 1277 2925 interpellet
1301 2862 1433 2909 inani

221 2953 404 3001 Ventre
429 2951 555 2997 diem
580 2950 771 3005 durare,
798 2948 1088 2996 domesticus
1111 2946 1245 2994 otior.
1317 2946 1440 2994 Haec
1458 2954 1531 2993 est
