1894 3188
179 105 287 155 202
423 96 426 98 ’
709 105 759 153 Q.
788 105 1030 148 HORATII
1056 106 1201 149 FLAC
1208 107 1265 148 CI

761 306 1106 356 EPISTOLA
1141 307 1206 356 X.

696 456 764 488 AD
789 457 989 490 FUSCUM
1011 458 1272 491 ARISTIUM·

246 569 405 620 Unms
430 581 689 622 amatorem
713 575 926 623 Fuscum
951 577 1130 625 salvere
1150 577 1373 642 jubemus

246 654 398 704 Ruris
422 666 656 706 amatores
676 676 689 717 3
727 660 817 708 hac
841 661 892 708 in
916 678 966 708 re
991 661 1176 709 scilicet
1199 664 1295 710 una

246 738 453 789 Multum
479 742 751 801 dissimiles,
773 746 831 792 ad
857 754 1030 792 caetera
1052 745 1177 808 pene
1203 746 1408 809 gemelli.

230 824 494 903 ‘Fraternis
518 828 705 889 animis,
732 830 959 892 quidquid
986 839 1132 894 negat
1156 831 1288 890 alter,
1314 839 1363 878 et
1387 831 1534 878 alter:

245 909 525 959 Annuimus
549 913 741 975 pariter,
768 914 914 961 vetuli
938 914 1131 976 notique
1157 914 1366 962 columbi
1387 931 1401 973 ;
1754 919 1787 966 5

245 994 328 1043 Tu
351 996 520 1044 nidum
544 1014 718 1058 servas,
745 1015 835 1062 ego
861 999 1004 1046 laudo
1027 999 1150 1046 ruris
1175 999 1351 1046 amoeni

244 1078 412 1141 Rivos,
439 1090 487 1128 et
510 1098 677 1130 musco
702 1083 973 1131 circumlita
996 1099 1124 1142 saxa,
1150 1099 1430 1145 nemusque.

243 1163 383 1216 Quid
407 1166 612 1228 quaeris'l
648 1168 770 1224 vivo,
796 1177 844 1215 et
868 1184 1031 1232 regno,
1058 1167 1199 1215 simul
1224 1167 1317 1214 ista
1340 1167 1509 1230 reliqui

244 1248 375 1301 Quae
399 1267 481 1299 vos
506 1253 565 1299 ad
590 1253 765 1300 coelum
789 1253 968 1301 effertis
992 1268 1181 1300 rumore
1207 1252 1448 1300 secundo:

243 1332 402 1397 thue
428 1338 691 1385 sacerdotis
715 1338 959 1402 fugitivus,
985 1338 1083 1385 liba
1105 1353 1276 1384 recuso
1296 1353 1311 1394 ς
1730 1339 1792 1386 10

244 1417 378 1466 Pane
403 1436 536 1484 egeo,
559 1422 658 1486 jam
682 1423 874 1470 mellitis
898 1423 1078 1486 potiore
1102 1420 1354 1486 placentiS.

311 1503 490 1549 Vivere
514 1513 696 1548 naturae
722 1508 762 1547 si
788 1508 1133 1548 eonvenienter
1157 1512 1359 1564 oportet,

246 1585 585 1648 Ponendaeque
610 1586 751 1632 domo
774 1585 1032 1647 quaerenda
1054 1593 1127 1632 est
1151 1601 1264 1632 area
1286 1586 1491 1648 primum
1510 1604 1525 1646 3

245 1670 502 1719 Novistine
526 1670 686 1717 locum
709 1669 942 1732 potiorem
966 1685 1074 1716 rure
1100 1669 1240 1716 beato
1262 1671 1282 1715 ’ἒ
1451 1719 1452 1722 ¹
1618 1727 1620 1731 y

247 1754 336 1803 Est
359 1755 442 1803 ubi
465 1755 567 1818 plus
591 1762 785 1817 tepeant
809 1753 992 1800 hiemes
1012 1754 1031 1799 Ί
1069 1753 1151 1799 ubi
1176 1753 1353 1816 gratior
1378 1741 1494 1802 aura
1599 1768 1605 1784 ¹
1728 1758 1789 1805 15

246 1838 422 1888 Leniat
444 1847 493 1886 et
516 1838 698 1885 rabiem
723 1837 887 1893 Canis,
914 1846 963 1884 et
986 1846 1230 1884 momenta
1254 1837 1446 1898 Leonis,

247 1921 417 1974 Quum
442 1922 589 1970 semel
615 1921 803 1985 accepit
826 1922 975 1969 solem
1001 1922 1285 1969 furibundus
1311 1925 1539 1971 acutum?

247 2007 338 2056 Est
360 2007 442 2054 ubi
467 2007 659 2054 divellat
683 2023 874 2054 somnos
898 2005 1054 2054 minus
1079 2006 1240 2054 invida
1264 2009 1416 2054 cura?

249 2090 475 2139 Deterius
499 2091 694 2153 Libycis
717 2092 812 2138 olet
837 2100 918 2138 aut
941 2091 1062 2138 nitet
1085 2091 1235 2138 herba
1253 2091 1462 2153 lapillis?

250 2174 419 2224 Purior
444 2176 494 2222 in
517 2175 635 2223 vicis
659 2191 779 2238 aqua
803 2175 956 2222 tendit
978 2191 1198 2238 rumpere
1221 2175 1487 2238 plumbum,
1725 2178 1789 2226 20

248 2255 417 2312 Quam
441 2273 544 2320 quae
567 2273 651 2320 per
675 2273 877 2320 pronum
901 2257 1104 2319 trepidat
1127 2273 1238 2304 cum
1263 2273 1505 2304 murmure
1528 2257 1713 2306 rivum?
1890 2309 1894 2319 ¹

251 2340 443 2404 Nempe
467 2341 591 2389 inter
615 2342 767 2388 varias
791 2341 996 2388 nutritur
1021 2341 1138 2388 silva
1161 2341 1425 2398 columnas,
1886 2334 1894 2397 Ξ

252 2425 593 2488 Laudaturque
619 2427 786 2473 domus
810 2426 977 2488 longos
1001 2442 1103 2488 quae
1127 2426 1355 2488 prospicit
1379 2442 1529 2489 agros.

253 2509 491 2558 Naturam
515 2510 722 2573 expelles
747 2510 896 2565 furca,
923 2519 1087 2556 tamen
1110 2525 1260 2571 usque
1284 2492 1576 2582 recurrent}

228 2593 318 2642 Et
341 2594 466 2641 mala
483 2603 755 2657 perrumpet
780 2594 941 2640 furtim
967 2593 1155 2641 fastidia
1179 2593 1362 2640 victrix.
1482 2574 1515 2616 ᾗ
1591 2608 1598 2615 Α

323 2677 452 2738 Non,
478 2679 559 2741 qui
584 2678 782 2726 Sidonio
806 2678 1098 2725 contendere
1123 2677 1325 2725 callidus
1348 2686 1476 2726 ostro

254 2761 427 2810 Nescit
450 2762 743 2825 Aquinatem
766 2762 980 2825 potantia
1003 2761 1181 2808 vellera
1205 2761 1385 2817 fucum,

254 2845 448 2894 Certius
471 2846 677 2909 accipiet
701 2848 930 2893 damnum
953 2846 1205 2910 propiusve
1229 2845 1464 2904 medullis,

252 2928 421 2981 Quam
444 2930 523 2992 qui
548 2947 643 2978 non
667 2930 839 2993 poterit
862 2946 972 2977 vero
996 2930 1289 2992 distinguere
1316 2928 1502 2976 falsum.

254 3011 422 3065 Quem
445 3029 521 3062 res
544 3013 652 3078 plus
675 3014 823 3063 nimio
843 3013 1140 3063 delectavere
1160 3013 1398 3072 secundae,
