1894 3188
180 136 246 184 52

699 130 751 176 Q.
781 127 1022 169 HORATII
1049 126 1254 167 FLACCI

838 297 978 345 ODE
1012 292 1107 344 III.

441 432 471 480 J
476 449 643 482 USTUM
667 449 724 480 ac
749 441 966 479 tenacem
984 429 1210 493 propositi
1233 429 1383 476 virum

440 517 554 565 Non
579 518 752 564 civium
778 517 915 563 ardor
938 531 1081 578 prava
1100 513 1383 578 jubentium,

506 601 618 649 Non
643 581 799 648 vultus
823 599 1044 647 instantis
1068 598 1256 661 tyranni

568 685 734 732 Mente
759 685 908 747 quatit
933 684 1100 739 solida,
1127 699 1282 744 neque
1307 682 1500 736 Auster,

439 770 551 817 Dux
575 769 773 831 inquieti
799 769 1016 816 turbidus
1041 768 1251 825 Hadriae,

439 854 548 901 Nec
573 853 868 900 fulminantis
894 869 1068 915 magna
1093 852 1224 899 Jovis
1248 866 1419 897 manus
1440 867 1450 895 z

508 938 561 985 Si
587 938 764 984 fractus
788 937 1010 983 illabatur
1034 937 1176 990 orbis,

572 1021 871 1084 Impavidum
896 1021 1067 1068 ferient
1091 1020 1256 1066 ruinae.

444 1107 552 1154 Hac
577 1114 676 1152 arte
701 1105 885 1160 Pollux,
913 1113 960 1151 et
984 1120 1131 1166 vagus
1158 1103 1408 1162 Hercules,

442 1191 632 1249 Enisus,
661 1205 795 1236 arces
821 1189 974 1251 attigit
999 1188 1192 1250 igneas:

505 1273 643 1325 Quos
668 1273 790 1319 inter
815 1272 1065 1334 Augustus
1090 1271 1377 1317 recumbens

571 1356 817 1418 Purpureo
841 1355 960 1401 bibit
983 1370 1063 1401 ore
1089 1362 1268 1400 nectar.

444 1442 553 1489 Hac
576 1449 623 1488 te
648 1448 928 1494 merentem,
956 1439 1150 1485 Bacche
1175 1445 1323 1499 pater,
1349 1445 1441 1483 tuae

444 1524 819 1586 Vexere‘tigreS‚
846 1522 1041 1568 indocili
1063 1522 1233 1583 jugum

508 1608 645 1656 Collo
668 1608 924 1654 trahentes.
996 1606 1106 1652 Hac
1130 1605 1368 1655 Quirinus

574 1692 749 1740 Martis
774 1692 907 1753 equis
932 1689 1214 1738 AcherOnta
1239 1690 1390 1753 fugit;

444 1780 645 1826 Gratum
669 1777 889 1837 eloquuta
914 1775 1278 1821 consiliantibus

446 1863 638 1911 Junone
662 1860 810 1907 divis:
850 1864 876 1884 “
899 1859 1038 1917 Ilion,
1066 1858 1191 1904 Ilion

511 1945 704 2004 Fatalis,
731 1945 1036 2004 incestusque
1057 1943 1221 2005 judex,

577 2030 639 2077 Et
662 2029 831 2075 mulier
855 2027 1121 2090 peregrina,
1147 2027 1287 2073 vertit

451 2114 509 2162 In
533 2114 788 2177 pulverem,
815 2129 874 2159 ex
897 2129 988 2174 quo
1013 2111 1226 2158 destituit
1250 2111 1362 2158 deos

453 2198 680 2246 Mercede
704 2198 845 2259 pacta
869 2197 1163 2251 Laomedon,
1189 2195 1307 2242 mihi

517 2279 767 2340 Castaeque
793 2279 1070 2325 damnatum
1098 2278 1327 2324 Minervae

582 2363 706 2409 Cum
731 2363 904 2426 populo
928 2371 975 2409 et
999 2363 1122 2408 duce
1147 2361 1461 2408 fraudulento.

453 2448 482 2494 J
487 2462 561 2494 am
586 2463 677 2494 nec
701 2447 918 2493 Lacaenae
943 2447 1159 2509 splendet
1184 2446 1408 2492 adulterae

455 2531 688 2579 Famosus
712 2531 896 2591 hospe5‚
923 2546 1015 2576 nec
1040 2530 1215 2576 Priami
1240 2530 1409 2575 domus

523 2614 720 2676 Perjura
743 2629 987 2675 pugnaces
1013 2614 1224 2659 Achivos

588 2697 840 2744 Hectoreis
863 2697 1031 2758 opibus
1056 2696 1298 2758 refringit:

458 2781 737 2842 Nostrisque
763 2781 958 2826 ductum
984 2779 1295 2826 seditionibus

458 2866 641 2914 Bellum
665 2865 855 2911 resedit.
926 2864 1158 2910 Protenus
1182 2871 1229 2909 et
1251 2877 1419 2926 graves

522 2949 641 3003 IraS,
667 2956 714 2994 et
738 2947 941 2994 invisum
966 2955 1203 3009 nepotem,

587 3032 766 3078 Troica
790 3048 929 3093 quem
954 3031 1135 3093 peperit
1159 3030 1392 3088 sacerdos,

1723 1185 1782 1231 10

1725 1606 1786 1652 15

1651 2025 1786 2080 ⁷20

1723 2442 1787 2488 25

1726 2859 1790 2906 30
