1894 3188
672 68 986 109 CARMINUM
1012 69 1121 109 LIB.
1151 68 1187 109 1.

390 197 528 250 Quid
552 195 820 243 Teridaten
844 203 1034 251 terreat,
1059 194 1205 243 unice

389 282 616 329 Securus.
685 279 750 336 Ο,
775 296 879 342 quae
905 279 1116 327 fontibus
1138 279 1339 344 integris

453 366 667 424 Gaudes,
694 365 884 427 apricos
906 373 1049 412 necte
1074 364 1228 423 fiores,

519 449 679 497 Necte
703 466 811 497 meo
835 449 1014 497 Lamiae
1039 465 1283 505 coronam,

389 535 594 598 Pimplei·
618 535 776 582 dulcis
798 533 807 581 !
845 535 913 581 nil
939 535 1042 582 sine
1066 543 1113 581 te
1133 535 1229 581 mei

392 619 599 668 Possunt
621 620 828 667 honores
848 636 860 665 :
897 619 1029 666 hunc
1052 618 1226 666 fidibus
1251 619 1403 675 novis,

454 703 604 751 Hunc
627 702 806 750 Lesbio
832 719 1021 750 sacrare
1044 703 1241 766 plectro,

518 787 689 850 Teque
713 796 915 850 tuasque
940 788 1082 836 decet
1114 803 1312 836 sorores.

748 1210 889 1257 ODE
922 1211 1095 1260 XXII.

754 1360 821 1391 AD
857 1360 1093 1393 SODALES.

387 1478 553 1526 NATIS
579 1478 629 1526 in
653 1495 794 1527 usum
815 1479 992 1528 laetitiae
1016 1481 1209 1544 scyphis

387 1563 625 1627 Pugnare,
651 1563 902 1613 Thracum
927 1573 1014 1614 est.
1084 1566 1264 1614 Tollite
1289 1566 1543 1617 barbarum

445 1648 652 1705 Morem,
677 1651 1099 1714 verecundumque
1123 1650 1372 1700 Bacchum

513 1734 803 1797 Sanguineis
826 1735 1075 1798 prohibete
1098 1736 1228 1784 rixis.

385 1817 511 1865 Vino
534 1826 582 1865 et
604 1818 815 1866 lucernis
840 1818 1017 1867 Medus
1041 1820 1272 1869 acinaces

386 1900 604 1949 Immane
629 1902 861 1965 quantum
885 1904 1151 1968 discrepat!
1190 1905 1398 1971 Impium

449 1986 621 2034 Lenite
645 1988 920 2046 clamorem,
946 1990 1148 2049 sodales,

513 2071 577 2118 Et
600 2072 763 2120 cubito
785 2081 1029 2120 remanete
1052 2089 1231 2136 presso.

734 2495 874 2544 ODE
909 2497 1108 2546 XXIII.

778 2648 1059 2682 ARCHYTAS.
1105 2687 1112 2694 ⁶

249 2765 275 2784 ⁴⁶
290 2760 374 2808 ΤΕ
400 2762 543 2809 maris
566 2772 615 2811 et
638 2773 774 2813 terrae
799 2783 1092 2832 numeroque
1117 2771 1325 2819 carentis
1350 2787 1504 2822 arenae

511 2846 787 2898 Mensorem
812 2852 1052 2913 cohibent,
1078 2843 1311 2918 Archyta,

253 2929 466 2977 Pulveris
489 2931 650 2994 exigui
674 2950 819 2997 prope
842 2936 974 2983 littus
997 2954 1142 3000 parva
1165 2940 1405 2989 Matinum

507 3014 714 3065 Munera
733 3034 747 3075 ς
783 3035 875 3067 nec
898 3021 1155 3084 quidquam
1178 3024 1265 3071 tibi
1288 3027 1480 3088 prodest

1571 76 1726 123 ⁴21

1701 199 1734 244 0¹

1673 620 1733 666 10
