<?xml version="1.0" encoding="UTF-8"?>
<!DOCTYPE html PUBLIC "-//W3C//DTD XHTML 1.0 Transitional//EN"
    "http://www.w3.org/TR/xhtml1/DTD/xhtml1-transitional.dtd">
<html xmlns="http://www.w3.org/1999/xhtml" xml:lang="en" lang="en">
 <head>
  <title>
</title>
<meta http-equiv="Content-Type" content="text/html;charset=utf-8" />
  <meta name='ocr-system' content='tesseract 3.04.00' />
  <meta name='ocr-capabilities' content='ocr_page ocr_carea ocr_par ocr_line ocrx_word'/>
</head>
<body>
  <div class='ocr_page' id='page_1' title='image "./quintihoratiifla1928hora_0243.png"; bbox 0 0 1894 3188; ppageno 0'>
   <div class='ocr_carea' id='block_1_1' title="bbox 580 79 1209 140">
    <p class='ocr_par' dir='ltr' id='par_1_1' title="bbox 580 79 1209 140">
     <span class='ocr_line' id='line_1_1' title="bbox 580 79 1209 140; baseline -0.005 -19"><span class='ocrx_word' id='word_1_1' title='bbox 580 80 987 140; x_wconf 56' lang='lat' dir='ltr'><strong>EPISTOLARUM</strong></span> <span class='ocrx_word' id='word_1_2' title='bbox 1017 80 1124 119; x_wconf 90' lang='lat' dir='ltr'>LIB.</span> <span class='ocrx_word' id='word_1_3' title='bbox 1154 79 1209 118; x_wconf 88' lang='lat'>11.</span> 
     </span>
    </p>
   </div>
   <div class='ocr_carea' id='block_1_2' title="bbox 140 202 1525 2950">
    <p class='ocr_par' dir='ltr' id='par_1_2' title="bbox 162 202 1510 270">
     <span class='ocr_line' id='line_1_2' title="bbox 162 202 1510 270; baseline -0.004 -13"><span class='ocrx_word' id='word_1_4' title='bbox 162 210 226 257; x_wconf 90' lang='lat' dir='ltr'>Et</span> <span class='ocrx_word' id='word_1_5' title='bbox 249 209 351 256; x_wconf 86' lang='lat' dir='ltr'>sine</span> <span class='ocrx_word' id='word_1_6' title='bbox 375 208 583 270; x_wconf 89' lang='lat' dir='ltr'>pondere</span> <span class='ocrx_word' id='word_1_7' title='bbox 607 215 762 261; x_wconf 88' lang='lat' dir='ltr'>erunt,</span> <span class='ocrx_word' id='word_1_8' title='bbox 788 213 836 252; x_wconf 90' lang='lat' dir='ltr'>et</span> <span class='ocrx_word' id='word_1_9' title='bbox 860 205 1037 251; x_wconf 89' lang='lat' dir='ltr'>honore</span> <span class='ocrx_word' id='word_1_10' title='bbox 1063 203 1262 264; x_wconf 85' lang='lat' dir='ltr'>indigna</span> <span class='ocrx_word' id='word_1_11' title='bbox 1286 202 1510 260; x_wconf 90' lang='lat' dir='ltr'>ferentur,</span> 
     </span>
    </p>

    <p class='ocr_par' dir='ltr' id='par_1_3' title="bbox 159 287 1346 350">
     <span class='ocr_line' id='line_1_3' title="bbox 159 287 1346 350; baseline -0.007 -10"><span class='ocrx_word' id='word_1_12' title='bbox 159 293 324 340; x_wconf 88' lang='lat' dir='ltr'>Verba</span> <span class='ocrx_word' id='word_1_13' title='bbox 347 307 532 338; x_wconf 90' lang='lat' dir='ltr'>movere</span> <span class='ocrx_word' id='word_1_14' title='bbox 556 290 676 345; x_wconf 90' lang='lat' dir='ltr'>loco,</span> <span class='ocrx_word' id='word_1_15' title='bbox 702 288 915 350; x_wconf 89' lang='lat' dir='ltr'>quamvis</span> <span class='ocrx_word' id='word_1_16' title='bbox 935 287 1082 333; x_wconf 86' lang='lat' dir='ltr'>invita</span> <span class='ocrx_word' id='word_1_17' title='bbox 1105 287 1346 345; x_wconf 82' lang='lat' dir='ltr'>recedant,</span> 
     </span>
    </p>

    <p class='ocr_par' dir='ltr' id='par_1_4' title="bbox 162 370 1303 434">
     <span class='ocr_line' id='line_1_4' title="bbox 162 370 1303 434; baseline -0.004 -11"><span class='ocrx_word' id='word_1_18' title='bbox 162 376 226 424; x_wconf 91' lang='lat' dir='ltr'>Et</span> <span class='ocrx_word' id='word_1_19' title='bbox 249 384 492 422; x_wconf 87' lang='lat' dir='ltr'>versentur</span> <span class='ocrx_word' id='word_1_20' title='bbox 518 375 673 420; x_wconf 89' lang='lat' dir='ltr'>adhuc</span> <span class='ocrx_word' id='word_1_21' title='bbox 696 373 821 419; x_wconf 82' lang='lat' dir='ltr'>intra</span> <span class='ocrx_word' id='word_1_22' title='bbox 844 371 1104 434; x_wconf 86' lang='lat' dir='ltr'>penetralia</span> <span class='ocrx_word' id='word_1_23' title='bbox 1129 370 1303 418; x_wconf 82' lang='lat' dir='ltr'>Vestae.</span> 
     </span>
    </p>

    <p class='ocr_par' dir='ltr' id='par_1_5' title="bbox 161 457 1248 519">
     <span class='ocr_line' id='line_1_5' title="bbox 161 457 1248 519; baseline -0.007 -12"><span class='ocrx_word' id='word_1_24' title='bbox 161 460 431 507; x_wconf 81' lang='lat' dir='ltr'>Obscurata</span> <span class='ocrx_word' id='word_1_25' title='bbox 454 458 535 504; x_wconf 89' lang='lat' dir='ltr'>diu</span> <span class='ocrx_word' id='word_1_26' title='bbox 559 457 731 519; x_wconf 91' lang='lat' dir='ltr'>populo</span> <span class='ocrx_word' id='word_1_27' title='bbox 755 457 906 503; x_wconf 87' lang='lat' dir='ltr'>bonus</span> <span class='ocrx_word' id='word_1_28' title='bbox 931 467 1081 510; x_wconf 87' lang='lat' dir='ltr'>eruet,</span> <span class='ocrx_word' id='word_1_29' title='bbox 1109 463 1248 515; x_wconf 89' lang='lat' dir='ltr'>atque</span> 
     </span>
    </p>

    <p class='ocr_par' dir='ltr' id='par_1_6' title="bbox 160 539 1313 602">
     <span class='ocr_line' id='line_1_6' title="bbox 160 539 1313 602; baseline -0.005 -12"><span class='ocrx_word' id='word_1_30' title='bbox 160 543 373 590; x_wconf 87' lang='lat' dir='ltr'>Proferet</span> <span class='ocrx_word' id='word_1_31' title='bbox 397 542 445 589; x_wconf 88' lang='lat' dir='ltr'>in</span> <span class='ocrx_word' id='word_1_32' title='bbox 469 542 626 588; x_wconf 88' lang='lat' dir='ltr'>lucem</span> <span class='ocrx_word' id='word_1_33' title='bbox 651 542 866 602; x_wconf 89' lang='lat' dir='ltr'>speciosa</span> <span class='ocrx_word' id='word_1_34' title='bbox 889 539 1118 586; x_wconf 83' lang='lat' dir='ltr'>vocabula</span> <span class='ocrx_word' id='word_1_35' title='bbox 1141 555 1313 597; x_wconf 89' lang='lat' dir='ltr'>rerum,</span> 
     </span>
    </p>

    <p class='ocr_par' dir='ltr' id='par_1_7' title="bbox 160 622 1492 688">
     <span class='ocr_line' id='line_1_7' title="bbox 160 622 1492 688; baseline -0.002 -15"><span class='ocrx_word' id='word_1_36' title='bbox 160 627 302 686; x_wconf 81' lang='lat' dir='ltr'>Quae,</span> <span class='ocrx_word' id='word_1_37' title='bbox 328 626 495 688; x_wconf 79' lang='lat' dir='ltr'><strong>priscis</strong></span> <span class='ocrx_word' id='word_1_38' title='bbox 513 634 772 672; x_wconf 82' lang='lat' dir='ltr'>memorata</span> <span class='ocrx_word' id='word_1_39' title='bbox 797 624 1060 671; x_wconf 79' lang='lat' dir='ltr'>Catonibus</span> <span class='ocrx_word' id='word_1_40' title='bbox 1086 632 1224 684; x_wconf 89' lang='lat' dir='ltr'>atque</span> <span class='ocrx_word' id='word_1_41' title='bbox 1250 622 1492 685; x_wconf 76' lang='lat' dir='ltr'>Cethegis,</span> 
     </span>
    </p>

    <p class='ocr_par' dir='ltr' id='par_1_8' title="bbox 160 708 1425 770">
     <span class='ocr_line' id='line_1_8' title="bbox 160 708 1425 770; baseline -0.004 -13"><span class='ocrx_word' id='word_1_42' title='bbox 160 711 307 757; x_wconf 92' lang='lat' dir='ltr'>Nunc</span> <span class='ocrx_word' id='word_1_43' title='bbox 332 711 448 756; x_wconf 90' lang='lat' dir='ltr'>situs</span> <span class='ocrx_word' id='word_1_44' title='bbox 473 709 686 756; x_wconf 91' lang='lat' dir='ltr'>informis</span> <span class='ocrx_word' id='word_1_45' title='bbox 709 708 880 770; x_wconf 83' lang='lat' dir='ltr'>premit</span> <span class='ocrx_word' id='word_1_46' title='bbox 904 716 951 754; x_wconf 90' lang='lat' dir='ltr'>et</span> <span class='ocrx_word' id='word_1_47' title='bbox 974 709 1162 764; x_wconf 82' lang='lat' dir='ltr'>deserta</span> <span class='ocrx_word' id='word_1_48' title='bbox 1185 715 1392 753; x_wconf 87' lang='lat' dir='ltr'>vetustas</span> <span class='ocrx_word' id='word_1_49' title='bbox 1415 724 1425 752; x_wconf 89' lang='lat'><strong>:</strong></span> 
     </span>
    </p>

    <p class='ocr_par' dir='ltr' id='par_1_9' title="bbox 160 792 1362 856">
     <span class='ocr_line' id='line_1_9' title="bbox 160 792 1362 856; baseline -0.004 -14"><span class='ocrx_word' id='word_1_50' title='bbox 160 795 414 842; x_wconf 90' lang='lat' dir='ltr'>Adsciscet</span> <span class='ocrx_word' id='word_1_51' title='bbox 437 811 573 850; x_wconf 88' lang='lat' dir='ltr'>nova,</span> <span class='ocrx_word' id='word_1_52' title='bbox 599 810 701 855; x_wconf 86' lang='lat' dir='ltr'>quae</span> <span class='ocrx_word' id='word_1_53' title='bbox 725 793 912 856; x_wconf 85' lang='lat' dir='ltr'>genitor</span> <span class='ocrx_word' id='word_1_54' title='bbox 936 792 1211 854; x_wconf 84' lang='lat' dir='ltr'>produxerit</span> <span class='ocrx_word' id='word_1_55' title='bbox 1234 807 1362 838; x_wconf 86' lang='lat' dir='ltr'>usus.</span> 
     </span>
    </p>

    <p class='ocr_par' dir='ltr' id='par_1_10' title="bbox 160 875 1446 941">
     <span class='ocr_line' id='line_1_10' title="bbox 160 875 1446 941; baseline -0.003 -16"><span class='ocrx_word' id='word_1_56' title='bbox 160 879 434 925; x_wconf 84' lang='lat' dir='ltr'>Vehemens</span> <span class='ocrx_word' id='word_1_57' title='bbox 458 887 505 925; x_wconf 91' lang='lat' dir='ltr'>et</span> <span class='ocrx_word' id='word_1_58' title='bbox 529 879 747 940; x_wconf 86' lang='lat' dir='ltr'>liquidus,</span> <span class='ocrx_word' id='word_1_59' title='bbox 773 893 984 941; x_wconf 87' lang='lat' dir='ltr'>puroque</span> <span class='ocrx_word' id='word_1_60' title='bbox 1010 876 1276 922; x_wconf 89' lang='lat' dir='ltr'>simillimus</span> <span class='ocrx_word' id='word_1_61' title='bbox 1301 875 1446 934; x_wconf 85' lang='lat' dir='ltr'>amni,</span> 
     </span>
    </p>

    <p class='ocr_par' dir='ltr' id='par_1_11' title="bbox 159 959 1362 1025">
     <span class='ocr_line' id='line_1_11' title="bbox 159 959 1362 1025; baseline -0.002 -16"><span class='ocrx_word' id='word_1_62' title='bbox 159 963 350 1010; x_wconf 85' lang='lat' dir='ltr'>Fundet</span> <span class='ocrx_word' id='word_1_63' title='bbox 372 979 500 1025; x_wconf 83' lang='lat' dir='ltr'>opeS‚</span> <span class='ocrx_word' id='word_1_64' title='bbox 527 962 808 1023; x_wconf 89' lang='lat' dir='ltr'>Latiumque</span> <span class='ocrx_word' id='word_1_65' title='bbox 835 962 993 1007; x_wconf 82' lang='lat' dir='ltr'>beabit</span> <span class='ocrx_word' id='word_1_66' title='bbox 1018 961 1161 1006; x_wconf 72' lang='lat' dir='ltr'>divite</span> <span class='ocrx_word' id='word_1_67' title='bbox 1185 959 1362 1024; x_wconf 66' lang='lat' dir='ltr'>lingua.</span> 
     </span>
    </p>

    <p class='ocr_par' dir='ltr' id='par_1_12' title="bbox 158 1046 1276 1108">
     <span class='ocr_line' id='line_1_12' title="bbox 158 1046 1276 1108; baseline -0.002 -16"><span class='ocrx_word' id='word_1_68' title='bbox 158 1046 468 1093; x_wconf 82' lang='lat' dir='ltr'>Luxuriantia</span> <span class='ocrx_word' id='word_1_69' title='bbox 495 1054 780 1108; x_wconf 79' lang='lat' dir='ltr'>compescet,</span> <span class='ocrx_word' id='word_1_70' title='bbox 807 1046 948 1091; x_wconf 88' lang='lat' dir='ltr'>nimis</span> <span class='ocrx_word' id='word_1_71' title='bbox 973 1061 1138 1107; x_wconf 85' lang='lat' dir='ltr'>aspera</span> <span class='ocrx_word' id='word_1_72' title='bbox 1162 1060 1276 1091; x_wconf 87' lang='lat' dir='ltr'>sano</span> 
     </span>
    </p>

    <p class='ocr_par' dir='ltr' id='par_1_13' title="bbox 157 1130 1300 1190">
     <span class='ocr_line' id='line_1_13' title="bbox 157 1130 1300 1190; baseline -0.002 -14"><span class='ocrx_word' id='word_1_73' title='bbox 157 1130 357 1177; x_wconf 84' lang='lat' dir='ltr'>Levabit</span> <span class='ocrx_word' id='word_1_74' title='bbox 382 1131 526 1189; x_wconf 90' lang='lat' dir='ltr'>cultu,</span> <span class='ocrx_word' id='word_1_75' title='bbox 555 1131 723 1176; x_wconf 83' lang='lat' dir='ltr'>virtute</span> <span class='ocrx_word' id='word_1_76' title='bbox 750 1130 961 1176; x_wconf 90' lang='lat' dir='ltr'>carentia</span> <span class='ocrx_word' id='word_1_77' title='bbox 985 1130 1116 1175; x_wconf 88' lang='lat' dir='ltr'>tollet</span> <span class='ocrx_word' id='word_1_78' title='bbox 1138 1146 1147 1175; x_wconf 91' lang='lat'><strong>:</strong></span> <span class='ocrx_word' id='word_1_79' title='bbox 1295 1180 1300 1190; x_wconf 24' lang='grc' dir='ltr'>ἱ</span> 
     </span>
    </p>

    <p class='ocr_par' dir='ltr' id='par_1_14' title="bbox 157 1212 1385 1276">
     <span class='ocr_line' id='line_1_14' title="bbox 157 1212 1385 1276; baseline -0.001 -16"><span class='ocrx_word' id='word_1_80' title='bbox 157 1214 393 1260; x_wconf 86' lang='lat' dir='ltr'>Ludentis</span> <span class='ocrx_word' id='word_1_81' title='bbox 420 1215 627 1276; x_wconf 89' lang='lat' dir='ltr'>speciem</span> <span class='ocrx_word' id='word_1_82' title='bbox 652 1214 798 1269; x_wconf 90' lang='lat' dir='ltr'>dabit,</span> <span class='ocrx_word' id='word_1_83' title='bbox 825 1222 873 1259; x_wconf 88' lang='lat' dir='ltr'>et</span> <span class='ocrx_word' id='word_1_84' title='bbox 895 1213 1203 1274; x_wconf 84' lang='lat' dir='ltr'>torquebitur,</span> <span class='ocrx_word' id='word_1_85' title='bbox 1230 1220 1282 1259; x_wconf 91' lang='lat' dir='ltr'>ut</span> <span class='ocrx_word' id='word_1_86' title='bbox 1305 1212 1385 1274; x_wconf 92' lang='lat' dir='ltr'>qui</span> 
     </span>
    </p>

    <p class='ocr_par' dir='ltr' id='par_1_15' title="bbox 156 1297 1480 1443">
     <span class='ocr_line' id='line_1_15' title="bbox 156 1297 1480 1359; baseline -0.002 -15"><span class='ocrx_word' id='word_1_87' title='bbox 156 1297 304 1344; x_wconf 89' lang='lat' dir='ltr'>Nunc</span> <span class='ocrx_word' id='word_1_88' title='bbox 331 1299 569 1359; x_wconf 75' lang='lat' dir='ltr'>Satyrum,</span> <span class='ocrx_word' id='word_1_89' title='bbox 597 1313 727 1343; x_wconf 88' lang='lat' dir='ltr'>nunc</span> <span class='ocrx_word' id='word_1_90' title='bbox 752 1309 987 1359; x_wconf 83' lang='lat' dir='ltr'>agrestem</span> <span class='ocrx_word' id='word_1_91' title='bbox 1014 1297 1229 1358; x_wconf 81' lang='lat' dir='ltr'>Cyclopa</span> <span class='ocrx_word' id='word_1_92' title='bbox 1252 1303 1480 1343; x_wconf 88' lang='lat' dir='ltr'>movetur.</span> 
     </span>
     <span class='ocr_line' id='line_1_16' title="bbox 219 1379 1376 1443; baseline -0.002 -16"><span class='ocrx_word' id='word_1_93' title='bbox 219 1380 514 1427; x_wconf 80' lang='lat' dir='ltr'>Praetulerim</span> <span class='ocrx_word' id='word_1_94' title='bbox 540 1382 737 1443; x_wconf 90' lang='lat' dir='ltr'>scriptor</span> <span class='ocrx_word' id='word_1_95' title='bbox 762 1381 939 1426; x_wconf 88' lang='lat' dir='ltr'>delirus</span> <span class='ocrx_word' id='word_1_96' title='bbox 964 1381 1185 1441; x_wconf 89' lang='lat' dir='ltr'>inersque</span> <span class='ocrx_word' id='word_1_97' title='bbox 1211 1379 1376 1435; x_wconf 90' lang='lat' dir='ltr'>videri,</span> 
     </span>
    </p>

    <p class='ocr_par' dir='ltr' id='par_1_16' title="bbox 153 1463 1473 1524">
     <span class='ocr_line' id='line_1_17' title="bbox 153 1463 1473 1524; baseline -0.002 -13"><span class='ocrx_word' id='word_1_98' title='bbox 153 1465 282 1512; x_wconf 92' lang='lat' dir='ltr'>Dum</span> <span class='ocrx_word' id='word_1_99' title='bbox 307 1482 413 1511; x_wconf 85' lang='lat' dir='ltr'>mea</span> <span class='ocrx_word' id='word_1_100' title='bbox 437 1465 676 1511; x_wconf 84' lang='lat' dir='ltr'>delectent</span> <span class='ocrx_word' id='word_1_101' title='bbox 699 1464 822 1510; x_wconf 90' lang='lat' dir='ltr'>mala</span> <span class='ocrx_word' id='word_1_102' title='bbox 847 1480 936 1521; x_wconf 88' lang='lat' dir='ltr'>me,</span> <span class='ocrx_word' id='word_1_103' title='bbox 965 1464 1035 1509; x_wconf 89' lang='lat' dir='ltr'>vel</span> <span class='ocrx_word' id='word_1_104' title='bbox 1062 1463 1267 1524; x_wconf 89' lang='lat' dir='ltr'>denique</span> <span class='ocrx_word' id='word_1_105' title='bbox 1293 1463 1473 1517; x_wconf 88' lang='lat' dir='ltr'>fallant,</span> 
     </span>
    </p>

    <p class='ocr_par' dir='ltr' id='par_1_17' title="bbox 150 1546 1522 1610">
     <span class='ocr_line' id='line_1_18' title="bbox 150 1546 1522 1610; baseline -0.002 -14"><span class='ocrx_word' id='word_1_106' title='bbox 150 1547 315 1599; x_wconf 72' lang='lat' dir='ltr'>Quam</span> <span class='ocrx_word' id='word_1_107' title='bbox 341 1565 520 1610; x_wconf 80' lang='lat' dir='ltr'>sapere,</span> <span class='ocrx_word' id='word_1_108' title='bbox 546 1557 593 1594; x_wconf 91' lang='lat' dir='ltr'>et</span> <span class='ocrx_word' id='word_1_109' title='bbox 617 1548 755 1610; x_wconf 88' lang='lat' dir='ltr'>ringi.</span> <span class='ocrx_word' id='word_1_110' title='bbox 826 1547 939 1593; x_wconf 88' lang='lat' dir='ltr'>Fuit</span> <span class='ocrx_word' id='word_1_111' title='bbox 964 1547 1090 1592; x_wconf 89' lang='lat' dir='ltr'>haud</span> <span class='ocrx_word' id='word_1_112' title='bbox 1115 1546 1338 1609; x_wconf 86' lang='lat' dir='ltr'>ignobilis</span> <span class='ocrx_word' id='word_1_113' title='bbox 1362 1546 1522 1610; x_wconf 85' lang='lat' dir='ltr'>Argis,</span> 
     </span>
    </p>

    <p class='ocr_par' dir='ltr' id='par_1_18' title="bbox 150 1620 1525 1693">
     <span class='ocr_line' id='line_1_19' title="bbox 150 1620 1525 1693; baseline -0.005 -11"><span class='ocrx_word' id='word_1_114' title='bbox 150 1631 254 1683; x_wconf 81' lang='lat' dir='ltr'>Qui</span> <span class='ocrx_word' id='word_1_115' title='bbox 279 1649 329 1679; x_wconf 90' lang='lat' dir='ltr'>se</span> <span class='ocrx_word' id='word_1_116' title='bbox 355 1633 582 1679; x_wconf 85' lang='lat' dir='ltr'>credebat</span> <span class='ocrx_word' id='word_1_117' title='bbox 606 1633 749 1678; x_wconf 89' lang='lat' dir='ltr'>miros</span> <span class='ocrx_word' id='word_1_118' title='bbox 774 1632 937 1678; x_wconf 89' lang='lat' dir='ltr'>audire</span> <span class='ocrx_word' id='word_1_119' title='bbox 964 1632 1218 1693; x_wconf 71' lang='lat' dir='ltr'>tragcedos,</span> <span class='ocrx_word' id='word_1_120' title='bbox 1524 1620 1525 1623; x_wconf 8' lang='grc' dir='ltr'><strong>Ἰ</strong></span> 
     </span>
    </p>

    <p class='ocr_par' dir='ltr' id='par_1_19' title="bbox 151 1715 1264 1778">
     <span class='ocr_line' id='line_1_20' title="bbox 151 1715 1264 1778; baseline -0.001 -16"><span class='ocrx_word' id='word_1_121' title='bbox 151 1715 209 1762; x_wconf 89' lang='lat' dir='ltr'>In</span> <span class='ocrx_word' id='word_1_122' title='bbox 235 1733 384 1763; x_wconf 90' lang='lat' dir='ltr'>vacuo</span> <span class='ocrx_word' id='word_1_123' title='bbox 407 1717 542 1763; x_wconf 87' lang='lat' dir='ltr'>laetus</span> <span class='ocrx_word' id='word_1_124' title='bbox 567 1733 719 1762; x_wconf 87' lang='lat' dir='ltr'>sessor</span> <span class='ocrx_word' id='word_1_125' title='bbox 743 1716 1027 1778; x_wconf 78' lang='lat' dir='ltr'>plausorque</span> <span class='ocrx_word' id='word_1_126' title='bbox 1054 1716 1264 1772; x_wconf 83' lang='lat' dir='ltr'>theatr03</span> 
     </span>
    </p>

    <p class='ocr_par' dir='ltr' id='par_1_20' title="bbox 152 1799 1142 1861">
     <span class='ocr_line' id='line_1_21' title="bbox 152 1799 1142 1861; baseline -0.001 -15"><span class='ocrx_word' id='word_1_127' title='bbox 152 1799 338 1846; x_wconf 84' lang='lat' dir='ltr'>Caetera</span> <span class='ocrx_word' id='word_1_128' title='bbox 363 1801 441 1861; x_wconf 91' lang='lat' dir='ltr'>qui</span> <span class='ocrx_word' id='word_1_129' title='bbox 466 1801 570 1846; x_wconf 87' lang='lat' dir='ltr'>vitae</span> <span class='ocrx_word' id='word_1_130' title='bbox 595 1808 802 1846; x_wconf 87' lang='lat' dir='ltr'>servaret</span> <span class='ocrx_word' id='word_1_131' title='bbox 825 1799 989 1845; x_wconf 90' lang='lat' dir='ltr'>munia</span> <span class='ocrx_word' id='word_1_132' title='bbox 1012 1807 1142 1845; x_wconf 86' lang='lat' dir='ltr'>recto</span> 
     </span>
    </p>

    <p class='ocr_par' dir='ltr' id='par_1_21' title="bbox 151 1882 1321 1945">
     <span class='ocr_line' id='line_1_22' title="bbox 151 1882 1321 1945; baseline -0.001 -16"><span class='ocrx_word' id='word_1_133' title='bbox 151 1882 317 1939; x_wconf 82' lang='lat' dir='ltr'>More3</span> <span class='ocrx_word' id='word_1_134' title='bbox 356 1884 507 1930; x_wconf 89' lang='lat' dir='ltr'>bonus</span> <span class='ocrx_word' id='word_1_135' title='bbox 531 1885 646 1931; x_wconf 77' lang='lat' dir='ltr'>sane</span> <span class='ocrx_word' id='word_1_136' title='bbox 672 1884 872 1941; x_wconf 89' lang='lat' dir='ltr'>vicinus,</span> <span class='ocrx_word' id='word_1_137' title='bbox 895 1884 1110 1929; x_wconf 89' lang='lat' dir='ltr'>amabilis</span> <span class='ocrx_word' id='word_1_138' title='bbox 1135 1884 1321 1945; x_wconf 89' lang='lat' dir='ltr'>hospes,</span> 
     </span>
    </p>

    <p class='ocr_par' dir='ltr' id='par_1_22' title="bbox 150 1965 1397 2027">
     <span class='ocr_line' id='line_1_23' title="bbox 150 1965 1397 2027; baseline -0.002 -14"><span class='ocrx_word' id='word_1_139' title='bbox 150 1966 315 2013; x_wconf 88' lang='lat' dir='ltr'>Comis</span> <span class='ocrx_word' id='word_1_140' title='bbox 340 1966 388 2012; x_wconf 91' lang='lat' dir='ltr'>in</span> <span class='ocrx_word' id='word_1_141' title='bbox 414 1983 607 2012; x_wconf 85' lang='lat' dir='ltr'>uxorem</span> <span class='ocrx_word' id='word_1_142' title='bbox 629 1983 639 2023; x_wconf 89' lang='lat'>;</span> <span class='ocrx_word' id='word_1_143' title='bbox 676 1976 834 2026; x_wconf 89' lang='lat' dir='ltr'>posset</span> <span class='ocrx_word' id='word_1_144' title='bbox 857 1966 936 2026; x_wconf 91' lang='lat' dir='ltr'>qui</span> <span class='ocrx_word' id='word_1_145' title='bbox 962 1966 1210 2027; x_wconf 81' lang='lat' dir='ltr'>ignoscere</span> <span class='ocrx_word' id='word_1_146' title='bbox 1235 1965 1397 2021; x_wconf 89' lang='lat' dir='ltr'>servis,</span> 
     </span>
    </p>

    <p class='ocr_par' dir='ltr' id='par_1_23' title="bbox 152 2049 1089 2111">
     <span class='ocr_line' id='line_1_24' title="bbox 152 2049 1089 2111; baseline -0.003 -15"><span class='ocrx_word' id='word_1_147' title='bbox 152 2049 216 2096; x_wconf 89' lang='lat' dir='ltr'>Et</span> <span class='ocrx_word' id='word_1_148' title='bbox 239 2050 374 2111; x_wconf 88' lang='lat' dir='ltr'>signo</span> <span class='ocrx_word' id='word_1_149' title='bbox 397 2049 508 2095; x_wconf 83' lang='lat' dir='ltr'>laeso</span> <span class='ocrx_word' id='word_1_150' title='bbox 533 2065 628 2095; x_wconf 90' lang='lat' dir='ltr'>non</span> <span class='ocrx_word' id='word_1_151' title='bbox 653 2049 862 2094; x_wconf 80' lang='lat' dir='ltr'>insanire</span> <span class='ocrx_word' id='word_1_152' title='bbox 882 2049 1089 2110; x_wconf 83' lang='lat' dir='ltr'>lagenae3</span> 
     </span>
    </p>

    <p class='ocr_par' dir='ltr' id='par_1_24' title="bbox 148 2131 1352 2194">
     <span class='ocr_line' id='line_1_25' title="bbox 148 2131 1352 2194; baseline -0.001 -14"><span class='ocrx_word' id='word_1_153' title='bbox 148 2133 316 2181; x_wconf 89' lang='lat' dir='ltr'>Posset</span> <span class='ocrx_word' id='word_1_154' title='bbox 339 2133 416 2194; x_wconf 92' lang='lat' dir='ltr'>qui</span> <span class='ocrx_word' id='word_1_155' title='bbox 443 2149 607 2194; x_wconf 90' lang='lat' dir='ltr'>rupem</span> <span class='ocrx_word' id='word_1_156' title='bbox 631 2140 678 2178; x_wconf 92' lang='lat' dir='ltr'>et</span> <span class='ocrx_word' id='word_1_157' title='bbox 702 2140 897 2194; x_wconf 89' lang='lat' dir='ltr'>puteum</span> <span class='ocrx_word' id='word_1_158' title='bbox 923 2131 1072 2177; x_wconf 87' lang='lat' dir='ltr'>vitare</span> <span class='ocrx_word' id='word_1_159' title='bbox 1095 2140 1352 2193; x_wconf 90' lang='lat' dir='ltr'>patentem.</span> 
     </span>
    </p>

    <p class='ocr_par' dir='ltr' id='par_1_25' title="bbox 148 2215 1386 2278">
     <span class='ocr_line' id='line_1_26' title="bbox 148 2215 1386 2278; baseline -0.002 -14"><span class='ocrx_word' id='word_1_160' title='bbox 148 2218 246 2265; x_wconf 94' lang='lat' dir='ltr'>Hic</span> <span class='ocrx_word' id='word_1_161' title='bbox 270 2217 367 2272; x_wconf 90' lang='lat' dir='ltr'>ubi,</span> <span class='ocrx_word' id='word_1_162' title='bbox 394 2224 703 2278; x_wconf 86' lang='lat' dir='ltr'>cognatorum</span> <span class='ocrx_word' id='word_1_163' title='bbox 727 2215 896 2277; x_wconf 91' lang='lat' dir='ltr'>opibus</span> <span class='ocrx_word' id='word_1_164' title='bbox 921 2215 1140 2276; x_wconf 91' lang='lat' dir='ltr'>curisque</span> <span class='ocrx_word' id='word_1_165' title='bbox 1166 2215 1386 2274; x_wconf 90' lang='lat' dir='ltr'>refectus,</span> 
     </span>
    </p>

    <p class='ocr_par' dir='ltr' id='par_1_26' title="bbox 147 2298 1300 2364">
     <span class='ocr_line' id='line_1_27' title="bbox 147 2298 1300 2364; baseline -0.003 -15"><span class='ocrx_word' id='word_1_166' title='bbox 147 2301 343 2364; x_wconf 86' lang='lat' dir='ltr'>Expulit</span> <span class='ocrx_word' id='word_1_167' title='bbox 365 2300 572 2347; x_wconf 89' lang='lat' dir='ltr'>elleboro</span> <span class='ocrx_word' id='word_1_168' title='bbox 595 2299 809 2346; x_wconf 90' lang='lat' dir='ltr'>morbum</span> <span class='ocrx_word' id='word_1_169' title='bbox 837 2298 1071 2360; x_wconf 89' lang='lat' dir='ltr'>bilemque</span> <span class='ocrx_word' id='word_1_170' title='bbox 1098 2315 1300 2358; x_wconf 87' lang='lat' dir='ltr'>meraco,</span> 
     </span>
    </p>

    <p class='ocr_par' dir='ltr' id='par_1_27' title="bbox 145 2383 1347 2442">
     <span class='ocr_line' id='line_1_28' title="bbox 145 2383 1347 2442; baseline -0.002 -10"><span class='ocrx_word' id='word_1_171' title='bbox 145 2385 208 2433; x_wconf 83' lang='lat' dir='ltr'>Et</span> <span class='ocrx_word' id='word_1_172' title='bbox 231 2385 354 2431; x_wconf 88' lang='lat' dir='ltr'>redit</span> <span class='ocrx_word' id='word_1_173' title='bbox 377 2385 435 2430; x_wconf 91' lang='lat' dir='ltr'>ad</span> <span class='ocrx_word' id='word_1_174' title='bbox 461 2400 563 2431; x_wconf 89' lang='lat' dir='ltr'>sese</span> <span class='ocrx_word' id='word_1_175' title='bbox 585 2400 595 2429; x_wconf 75' lang='grc' dir='ltr'>ε</span> <span class='ocrx_word' id='word_1_176' title='bbox 634 2388 660 2408; x_wconf 86' lang='lat'><strong>“</strong></span> <span class='ocrx_word' id='word_1_177' title='bbox 681 2383 780 2441; x_wconf 90' lang='lat' dir='ltr'>Pol,</span> <span class='ocrx_word' id='word_1_178' title='bbox 807 2399 882 2429; x_wconf 91' lang='lat' dir='ltr'>me</span> <span class='ocrx_word' id='word_1_179' title='bbox 906 2383 1163 2442; x_wconf 85' lang='lat' dir='ltr'>occidistis,</span> <span class='ocrx_word' id='word_1_180' title='bbox 1191 2383 1347 2442; x_wconf 85' lang='lat' dir='ltr'>amici,</span> 
     </span>
    </p>

    <p class='ocr_par' dir='ltr' id='par_1_28' title="bbox 148 2467 1361 2532">
     <span class='ocr_line' id='line_1_29' title="bbox 148 2467 1361 2532; baseline -0.002 -15"><span class='ocrx_word' id='word_1_181' title='bbox 148 2469 262 2518; x_wconf 90' lang='lat' dir='ltr'>Non</span> <span class='ocrx_word' id='word_1_182' title='bbox 288 2469 556 2527; x_wconf 66' lang='lat' dir='ltr'>servastis‚&#39;&#39;</span> <span class='ocrx_word' id='word_1_183' title='bbox 581 2468 659 2526; x_wconf 88' lang='lat' dir='ltr'>ait,</span> <span class='ocrx_word' id='word_1_184' title='bbox 687 2467 810 2514; x_wconf 87' lang='lat' dir='ltr'>“cui</span> <span class='ocrx_word' id='word_1_185' title='bbox 836 2468 904 2514; x_wconf 92' lang='lat' dir='ltr'>sic</span> <span class='ocrx_word' id='word_1_186' title='bbox 929 2476 1110 2514; x_wconf 87' lang='lat' dir='ltr'>extorta</span> <span class='ocrx_word' id='word_1_187' title='bbox 1133 2468 1361 2532; x_wconf 87' lang='lat' dir='ltr'>voluptas,</span> 
     </span>
    </p>

    <p class='ocr_par' dir='ltr' id='par_1_29' title="bbox 145 2552 1382 2699">
     <span class='ocr_line' id='line_1_30' title="bbox 145 2552 1382 2616; baseline -0.003 -14"><span class='ocrx_word' id='word_1_188' title='bbox 145 2553 209 2602; x_wconf 91' lang='lat' dir='ltr'>Et</span> <span class='ocrx_word' id='word_1_189' title='bbox 233 2555 450 2616; x_wconf 88' lang='lat' dir='ltr'>demptus</span> <span class='ocrx_word' id='word_1_190' title='bbox 467 2569 550 2615; x_wconf 91' lang='lat' dir='ltr'>per</span> <span class='ocrx_word' id='word_1_191' title='bbox 574 2553 667 2598; x_wconf 91' lang='lat' dir='ltr'>vim</span> <span class='ocrx_word' id='word_1_192' title='bbox 691 2552 863 2598; x_wconf 90' lang='lat' dir='ltr'>mentis</span> <span class='ocrx_word' id='word_1_193' title='bbox 887 2552 1182 2614; x_wconf 85' lang='lat' dir='ltr'>gratissimus</span> <span class='ocrx_word' id='word_1_194' title='bbox 1205 2552 1382 2599; x_wconf 87' lang='lat' dir='ltr'>error.&#39;&#39;</span> 
     </span>
     <span class='ocr_line' id='line_1_31' title="bbox 204 2636 1277 2699; baseline -0.003 -14"><span class='ocrx_word' id='word_1_195' title='bbox 204 2638 445 2685; x_wconf 92' lang='lat' dir='ltr'>Nimirum</span> <span class='ocrx_word' id='word_1_196' title='bbox 470 2653 633 2699; x_wconf 87' lang='lat' dir='ltr'>sapere</span> <span class='ocrx_word' id='word_1_197' title='bbox 658 2645 729 2682; x_wconf 88' lang='lat' dir='ltr'>est</span> <span class='ocrx_word' id='word_1_198' title='bbox 753 2637 950 2699; x_wconf 88' lang='lat' dir='ltr'>abjectis</span> <span class='ocrx_word' id='word_1_199' title='bbox 974 2637 1087 2682; x_wconf 91' lang='lat' dir='ltr'>utile</span> <span class='ocrx_word' id='word_1_200' title='bbox 1119 2636 1277 2699; x_wconf 88' lang='lat' dir='ltr'>nugis,</span> 
     </span>
    </p>

    <p class='ocr_par' dir='ltr' id='par_1_30' title="bbox 145 2719 1247 2784">
     <span class='ocr_line' id='line_1_32' title="bbox 145 2719 1247 2784; baseline -0.004 -15"><span class='ocrx_word' id='word_1_201' title='bbox 145 2722 209 2769; x_wconf 89' lang='lat' dir='ltr'>Et</span> <span class='ocrx_word' id='word_1_202' title='bbox 231 2722 561 2784; x_wconf 89' lang='lat' dir='ltr'>tempestivum</span> <span class='ocrx_word' id='word_1_203' title='bbox 584 2719 742 2782; x_wconf 90' lang='lat' dir='ltr'>pueris</span> <span class='ocrx_word' id='word_1_204' title='bbox 766 2720 1030 2766; x_wconf 90' lang='lat' dir='ltr'>concedere</span> <span class='ocrx_word' id='word_1_205' title='bbox 1054 2719 1247 2777; x_wconf 82' lang='lat' dir='ltr'>ludum3</span> 
     </span>
    </p>

    <p class='ocr_par' dir='ltr' id='par_1_31' title="bbox 143 2803 1389 2867">
     <span class='ocr_line' id='line_1_33' title="bbox 143 2803 1389 2867; baseline -0.001 -15"><span class='ocrx_word' id='word_1_206' title='bbox 143 2806 340 2852; x_wconf 60' lang='lat' dir='ltr'>Ac‘non</span> <span class='ocrx_word' id='word_1_207' title='bbox 366 2806 506 2852; x_wconf 91' lang='lat' dir='ltr'>verba</span> <span class='ocrx_word' id='word_1_208' title='bbox 529 2804 660 2867; x_wconf 92' lang='lat' dir='ltr'>sequi</span> <span class='ocrx_word' id='word_1_209' title='bbox 685 2803 856 2850; x_wconf 89' lang='lat' dir='ltr'>fidibus</span> <span class='ocrx_word' id='word_1_210' title='bbox 880 2804 1167 2850; x_wconf 89' lang='lat' dir='ltr'>modulanda</span> <span class='ocrx_word' id='word_1_211' title='bbox 1191 2803 1389 2864; x_wconf 87' lang='lat' dir='ltr'>Latinis,</span> 
     </span>
    </p>

    <p class='ocr_par' dir='ltr' id='par_1_32' title="bbox 140 2887 1390 2950">
     <span class='ocr_line' id='line_1_34' title="bbox 140 2887 1390 2950; baseline 0 -14"><span class='ocrx_word' id='word_1_212' title='bbox 140 2889 239 2936; x_wconf 88' lang='lat' dir='ltr'>Sed</span> <span class='ocrx_word' id='word_1_213' title='bbox 264 2905 382 2936; x_wconf 84' lang='lat' dir='ltr'>verae</span> <span class='ocrx_word' id='word_1_214' title='bbox 407 2904 723 2950; x_wconf 90' lang='lat' dir='ltr'>numerosque</span> <span class='ocrx_word' id='word_1_215' title='bbox 748 2888 1005 2949; x_wconf 91' lang='lat' dir='ltr'>modosque</span> <span class='ocrx_word' id='word_1_216' title='bbox 1030 2887 1243 2934; x_wconf 88' lang='lat' dir='ltr'>ediscere</span> <span class='ocrx_word' id='word_1_217' title='bbox 1268 2887 1390 2936; x_wconf 83' lang='lat' dir='ltr'>vitae.</span> 
     </span>
    </p>
   </div>
   <div class='ocr_carea' id='block_1_3' title="bbox 134 2971 1488 3106">
    <p class='ocr_par' dir='ltr' id='par_1_33' title="bbox 134 2971 1488 3106">
     <span class='ocr_line' id='line_1_35' title="bbox 134 2971 1488 3035; baseline -0.002 -11"><span class='ocrx_word' id='word_1_218' title='bbox 134 2972 383 3024; x_wconf 79' lang='lat' dir='ltr'>Quocirca</span> <span class='ocrx_word' id='word_1_219' title='bbox 405 2990 593 3022; x_wconf 89' lang='lat' dir='ltr'>mecum</span> <span class='ocrx_word' id='word_1_220' title='bbox 618 2973 780 3035; x_wconf 89' lang='lat' dir='ltr'>loquor</span> <span class='ocrx_word' id='word_1_221' title='bbox 805 2973 923 3028; x_wconf 86' lang='lat' dir='ltr'>haec,</span> <span class='ocrx_word' id='word_1_222' title='bbox 949 2971 1215 3035; x_wconf 87' lang='lat' dir='ltr'>tacitusque</span> <span class='ocrx_word' id='word_1_223' title='bbox 1239 2972 1488 3021; x_wconf 84' lang='lat' dir='ltr'>recordor:</span> 
     </span>
     <span class='ocr_line' id='line_1_36' title="bbox 590 3056 686 3106; baseline -0.021 0"><span class='ocrx_word' id='word_1_224' title='bbox 590 3056 686 3106; x_wconf 67' lang='lat'>20*</span> 
     </span>
    </p>
   </div>
   <div class='ocr_carea' id='block_1_4' title="bbox 1592 54 1698 132">
    <p class='ocr_par' dir='ltr' id='par_1_34' title="bbox 1592 54 1698 132">
     <span class='ocr_line' id='line_1_37' title="bbox 1592 54 1698 132; baseline 0.019 -2"><span class='ocrx_word' id='word_1_225' title='bbox 1592 54 1698 132; x_wconf 74' lang='lat'><strong>23&#39;3</strong></span> 
     </span>
    </p>
   </div>
   <div class='ocr_carea' id='block_1_5' title="bbox 1539 455 1694 515">
    <p class='ocr_par' dir='ltr' id='par_1_35' title="bbox 1539 455 1694 515">
     <span class='ocr_line' id='line_1_38' title="bbox 1539 455 1694 515; baseline 0 -13"><span class='ocrx_word' id='word_1_226' title='bbox 1539 511 1542 515; x_wconf 11' lang='lat'><strong><em>¹</em></strong></span> <span class='ocrx_word' id='word_1_227' title='bbox 1601 455 1694 502; x_wconf 84' lang='lat'>115</span> 
     </span>
    </p>
   </div>
   <div class='ocr_carea' id='block_1_6' title="bbox 1600 876 1694 922">
    <p class='ocr_par' dir='ltr' id='par_1_36' title="bbox 1600 876 1694 922">
     <span class='ocr_line' id='line_1_39' title="bbox 1600 876 1694 922; baseline 0 0"><span class='ocrx_word' id='word_1_228' title='bbox 1600 876 1694 922; x_wconf 89' lang='grc'>120</span> 
     </span>
    </p>
   </div>
   <div class='ocr_carea' id='block_1_7' title="bbox 1599 1295 1693 1343">
    <p class='ocr_par' dir='ltr' id='par_1_37' title="bbox 1599 1295 1693 1343">
     <span class='ocr_line' id='line_1_40' title="bbox 1599 1295 1693 1343; baseline 0 -1"><span class='ocrx_word' id='word_1_229' title='bbox 1599 1295 1693 1343; x_wconf 90' lang='grc'>125</span> 
     </span>
    </p>
   </div>
   <div class='ocr_carea' id='block_1_8' title="bbox 1594 1715 1687 1761">
    <p class='ocr_par' dir='ltr' id='par_1_38' title="bbox 1594 1715 1687 1761">
     <span class='ocr_line' id='line_1_41' title="bbox 1594 1715 1687 1761; baseline 0 0"><span class='ocrx_word' id='word_1_230' title='bbox 1594 1715 1687 1761; x_wconf 86' lang='grc'>130</span> 
     </span>
    </p>
   </div>
   <div class='ocr_carea' id='block_1_9' title="bbox 1588 2134 1681 2183">
    <p class='ocr_par' dir='ltr' id='par_1_39' title="bbox 1588 2134 1681 2183">
     <span class='ocr_line' id='line_1_42' title="bbox 1588 2134 1681 2183; baseline 0 -1"><span class='ocrx_word' id='word_1_231' title='bbox 1588 2134 1681 2183; x_wconf 87' lang='grc'>135</span> 
     </span>
    </p>
   </div>
   <div class='ocr_carea' id='block_1_10' title="bbox 1584 2557 1678 2606">
    <p class='ocr_par' dir='ltr' id='par_1_40' title="bbox 1584 2557 1678 2606">
     <span class='ocr_line' id='line_1_43' title="bbox 1584 2557 1678 2606; baseline 0.021 -2"><span class='ocrx_word' id='word_1_232' title='bbox 1584 2557 1678 2606; x_wconf 90' lang='grc'>140</span> 
     </span>
    </p>
   </div>
   <div class='ocr_carea' id='block_1_11' title="bbox 1573 2975 1667 3024">
    <p class='ocr_par' dir='ltr' id='par_1_41' title="bbox 1573 2975 1667 3024">
     <span class='ocr_line' id='line_1_44' title="bbox 1573 2975 1667 3024; baseline 0 0"><span class='ocrx_word' id='word_1_233' title='bbox 1573 2975 1667 3024; x_wconf 86' lang='grc'>145</span> 
     </span>
    </p>
   </div>
  </div>
 </body>
</html>
