1894 3188
608 97 940 139 SATIRARUM
976 95 1083 136 LIB.
1112 96 1168 135 ΙΙ.
1593 95 1690 143 177

149 229 305 285 Scire,
332 228 446 275 deos
471 225 694 289 quoniam
720 223 910 288 propiiis
935 221 1188 285 contingis,
1214 228 1424 283 oportet:

147 313 282 360 Num
305 311 418 374 quid
442 311 501 357 de
526 310 673 357 Dacis
700 309 873 356 audisti
892 311 909 355 ’ἕ
928 310 955 330 ''
996 316 1025 337 ‘⁴
1048 306 1131 354 Nil
1158 303 1428 367 equidem.'’
1499 310 1529 333 “
1546 301 1612 352 Ut
1634 310 1689 351 tu

149 397 350 460 Semper
375 396 469 442 eris
493 392 700 441 derisor!
725 394 751 415 ’³
790 402 823 422 ‘⁶
847 394 913 440 At
936 408 1104 439 omnes
1129 391 1175 437 di
1200 389 1443 452 exagitent
1465 403 1559 444 me,

146 481 200 528 Si
235 478 542 543 quidquam.”
617 477 840 527 “Quidt
889 476 1118 523 militibus
1159 474 1393 537 promissa
1428 473 1689 536 Triquetra.

148 563 335 612 Praedia
359 563 534 622 Caesar,
562 578 622 609 an
647 570 721 608 est
746 561 869 608 Itala
894 561 1062 608 tellure
1089 560 1322 606 daturus?
1346 559 1372 580 ’²
1623 557 1690 606 56

148 648 402 696 Jurantem
426 664 502 696 me
527 648 650 695 scire
677 646 796 693 nihil
821 646 1066 704 mirantur,
1093 653 1145 691 ut
1170 660 1318 691 unum

148 732 348 824 ὃοίΙέοθι
371 732 554 796 egregii
580 731 827 778 mortalem
853 731 1027 792 altique
1053 728 1227 777 silenti.
1276 736 1328 791 [³³

183 802 434 866 Perditur
459 818 562 864 haec
587 817 710 863 inter
736 816 908 863 misero
932 816 1025 874 lux,
1053 831 1148 861 non
1174 814 1212 860 si
1217 830 1276 860 ne
1301 812 1452 860 votis:

147 901 194 950 O
218 918 314 958 ωε,
339 902 530 964 quando
554 917 644 963 ego
669 909 715 947 te
741 900 968 962 aspiciam
992 901 1008 944 2
1046 899 1326 961 quandoque
1351 896 1531 953 licebit,
1623 897 1689 944 60

148 985 298 1033 Nunc
321 996 534 1032 veterum
558 984 704 1043 libris,
732 1000 862 1030 nunc
888 999 1053 1030 somno
1078 992 1124 1029 et
1150 982 1380 1029 inertibus
1404 980 1546 1040 horiS‚

150 1069 345 1117 Ducere
371 1069 584 1118 sollicitae
606 1069 822 1132 jucunda
845 1068 1017 1115 oblivia
1041 1067 1146 1113 vitae
1170 1068 1187 1112 ⁹!

148 1153 196 1202 O
219 1155 413 1217 quando
438 1155 559 1212 faba,
586 1153 869 1216 Pythagorae
896 1160 1115 1214 cognata,
1142 1150 1375 1212 simulque

145 1236 307 1285 Uncta
331 1236 444 1284 satis
468 1237 636 1300 pingui
661 1246 898 1300 ponentur
924 1236 1142 1283 oluscula
1165 1235 1297 1282 lardo
1319 1236 1337 1280 ‘l

146 1321 193 1370 Ο
217 1330 384 1369 noctes
410 1338 654 1384 coenaeque
680 1322 835 1377 deum,
861 1321 1035 1398 quibus
1058 1320 1156 1402 ipse
1182 1319 1367 1381 meique
1621 1318 1688 1366 65

144 1405 277 1454 Ante
301 1405 475 1453 Larem
499 1405 740 1467 proprium
766 1422 946 1461 vescor,
975 1404 1236 1466 vernasque
1262 1394 1507 1466 procaces

144 1489 298 1538 Pasco
321 1489 480 1536 libatis
504 1489 732 1551 dapibus.
724 1487 732 1520 ¹
772 1489 918 1536 Prout
943 1490 1114 1551 cuique
1139 1489 1286 1536 libido
1310 1496 1395 1547 est,

141 1561 590 1643 δίῦοὲιιίηὲὲᾳυειίθε
617 1558 793 1621 calices
818 1574 1031 1634 conviva,
1059 1574 1240 1622 solutus

142 1657 391 1722 Legibus
379 1650 592 1705 msani's:
629 1673 713 1705 seu
707 1657 842 1739 quis
867 1668 994 1740 capit
1019 1660 1147 1707 acria
1172 1659 1304 1707 fortis

144 1741 342 1799 Pocula,
368 1758 452 1789 seu
477 1742 677 1790 modicis
689 1719 910 1813 'livescit
907 1724 1075 1791 laetius.
1146 1744 1274 1808 Ergo
1622 1744 1685 1792 70

142 1826 313 1875 Sermo
335 1827 498 1884 oritur,
525 1844 620 1874 non
646 1828 705 1875 de
730 1828 851 1875 villis
876 1829 1153 1876 domibusve
1179 1828 1365 1884 alieniS‚

141 1908 252 1958 Nec
274 1909 398 1957 male
423 1927 578 1957 necne
603 1911 759 1974 Lepos
783 1913 948 1960 saltet:
986 1915 1086 1969 sed,
1112 1914 1237 1975 quod
1261 1910 1414 1975 'magis
1438 1912 1498 1959 ad
1521 1926 1607 1961 nos

143 1992 358 2042 Pertinet
382 2002 430 2040 et
453 1994 639 2041 nescire
664 1995 841 2042 malum
867 2005 950 2055 est,
979 1997 1244 2059 agitamus3
1280 2004 1504 2045 utrumne

141 2075 336 2125 Divitiis
361 2077 592 2137 homines,
620 2094 681 2126 an
706 2078 807 2162 sint
823 2079 994 2126 virtute
1021 2081 1179 2141 beati·
1168 2116 1180 2138 ‚

137 2161 336 2214 Quidve
362 2163 422 2209 ad
447 2159 699 2222 amicitias
722 2148 836 2210 USus
824 2147 1122 2224 rectumne
1150 2165 1306 2212 trahat
1328 2180 1442 2224 nos;
1616 2165 1680 2214 75

138 2244 219 2302 Et,
245 2261 350 2308 quae
374 2246 436 2292 sit
459 2254 630 2293 natura
654 2247 799 2304 boni3
838 2263 1170 2311 summumque
1195 2250 1308 2311 quid
1331 2249 1448 2314 ejus,

139 2329 342 2377 Cervius
366 2331 470 2377 haec
496 2330 618 2378 inter
643 2331 829 2378 vicinus
854 2333 1001 2395 garrit
1025 2334 1176 2380 aniles

0 2416 108 2481 ,μή
131 2406 216 2462 *Ex
238 2430 289 2462 re
314 2414 524 2462 fabellas,
593 2415 722 2463 Nam
748 2416 786 2463 si
810 2417 1100 2478 quislaudat
1131 2419 1283 2466 Arelli

137 2498 379 2546 Sollicitas
403 2499 599 2562 ignarus
623 2516 751 2562 opeS‚
779 2500 848 2548 sic
873 2501 1041 2565 incipit
1063 2519 1072 2548 :
1113 2503 1284 2550 “Olim

137 2581 374 2630 Rusticus
398 2583 636 2630 urbanum
662 2600 845 2631 murem
871 2601 976 2632 mus
1000 2602 1206 2648 paupere
1233 2587 1379 2635 fertur
1612 2589 1678 2638 80

136 2665 415 2759 Acceplsse
426 2683 558 2741 cavo,
585 2676 793 2715 veterem
818 2677 952 2716 vetus
976 2671 1161 2749 hospes
1171 2671 1410 2751 amicum·
1398 2708 1411 2730 .‚

136 2720 303 2812 Asper
314 2733 379 2803 ’ὲιζ
382 2728 599 2798 attentus
624 2718 849 2814 quaesitis,
875 2763 927 2801 ut
952 2763 1114 2801 tamen
1135 2737 1325 2804 a'rc't'um

134 2833 351 2882 Solveret
374 2836 588 2899 hospitiis
614 2837 841 2884 animum.
909 2838 1045 2889 Quid
1070 2840 1218 2887 multa
1239 2843 1257 2887 ’ἱ
1294 2857 1450 2904 neque
1474 2842 1553 2891 ille

133 2893 622 2981 Seposltsciceris‚
580 2938 672 2969 nec
697 2922 851 2985 longae
876 2923 1046 2970 invidit
1070 2941 1264 2971 avenae:

133 3000 340 3051 Aridum
363 3012 411 3052 et
433 3021 514 3052 ore
539 3004 696 3053 ferens
721 3006 932 3068 acinum,
959 3023 1236 3072 semesaque
1260 3010 1381 3058 lardi
1608 3013 1674 3062 85

736 3077 859 3105 μ
