1894 3188
673 97 907 138 EPODON
944 96 1130 137 LIBER.

226 225 330 273 Nos
354 232 518 272 manet
541 223 771 272 Oceanus
795 224 980 271 circum
1005 238 1154 285 vagus
1178 238 1321 269 arva:
1358 224 1499 271 beata

293 309 520 357 Petamus
545 324 674 364 arva,
699 292 870 355 diuites
895 317 943 355 et
967 308 1164 363 insulaS‚

231 393 416 440 Reddit
439 393 521 440 ubi
547 393 776 440 Cererem
799 392 941 440 tellus
965 392 1150 439 inarata
1172 392 1444 454 quotannis,

294 478 358 525 Et
381 477 616 540 imputata
638 476 775 525 floret
798 492 948 539 usque
971 476 1128 532 vinea,

227 562 478 610 Germinat
502 570 550 609 et
573 577 822 624 nunquam
846 561 1054 608 fallentis
1077 569 1255 608 termes
1277 560 1430 616 olivae,

293 647 537 708 Suamque
561 647 692 709 pulla
715 646 837 693 ficus
860 654 1000 693 ornat
1024 645 1258 705 arborem,

228 731 381 779 Mella
404 733 520 778 cava
546 740 747 778 manant
770 747 830 778 ex
853 730 979 790 ilice,
1005 729 1250 777 montibus
1275 729 1382 777 altis

294 815 438 863 Levis
462 824 690 878 crepante
714 815 909 878 lympha
932 814 1092 861 desilit
1113 814 1253 877 pede.

232 900 342 948 Illic
366 900 560 964 injussae
586 899 786 946 veniunt
811 900 871 946 ad
895 899 1101 946 mulctra
1124 898 1339 961 capellae,

294 984 560 1046 Refertque
585 991 718 1031 tenta
741 999 860 1046 grex
886 983 1070 1030 amicus
1093 982 1243 1030 ubera
1263 1000 1276 1040 ς

228 1067 338 1115 Nec
361 1067 662 1130 vespertinus
686 1067 1022 1131 circumgemit
1045 1083 1185 1114 ursus
1208 1067 1347 1127 ovile,

294 1152 404 1199 Nec
428 1152 709 1199 intumescit
732 1152 827 1199 alta
849 1151 1024 1214 viperis
1049 1152 1223 1199 humus
1244 1169 1254 1210 ;

227 1235 377 1283 Nulla
401 1244 581 1283 nocent
603 1235 768 1298 pecori
793 1235 1035 1298 contagia,
1061 1235 1240 1282 nullius
1273 1236 1384 1282 astri

295 1321 507 1384 Gregem
534 1328 738 1367 aestuosa
760 1327 909 1367 torret
932 1319 1229 1382 impotentia.

227 1404 466 1466 Pluraque
493 1403 659 1450 felices
682 1396 962 1450 mirabimur
984 1420 997 1460 3
1034 1411 1088 1449 ut
1111 1419 1268 1466 neque
1291 1405 1436 1468 largis

292 1489 518 1550 Aquosus
542 1487 704 1535 Eurus
729 1503 841 1534 arva
864 1488 1001 1534 radat
1025 1487 1273 1548 imbribus,

226 1572 434 1636 Pinguia
457 1588 550 1619 nec
575 1571 721 1619 siccis
744 1580 944 1619 urantur
970 1571 1157 1619 semina
1181 1572 1349 1636 glebis,

290 1657 557 1720 Utrumque
581 1672 694 1721 rege
719 1665 1018 1720 temperante
1045 1657 1276 1705 coelitum.

224 1742 339 1790 Non
364 1743 462 1789 huc
487 1742 652 1805 Argoo
676 1741 929 1789 contendit
950 1741 1133 1805 remige
1157 1741 1313 1805 pinus,

289 1825 462 1888 Neque
487 1825 732 1888 impudica
757 1825 956 1873 Colchis
980 1825 1142 1873 intulit
1163 1827 1366 1889 pedem3

227 1908 341 1956 Non
366 1909 464 1957 huc
490 1909 678 1957 Sidonii
702 1917 945 1957 torserunt
969 1925 1155 1957 cornua
1177 1919 1353 1967 nautae,

293 1992 560 2040 Laboriosa
582 2009 676 2040 nec
700 1993 871 2040 cohors
894 1992 1117 2055 Ulyssei':

225 2075 412 2138 Jupiter
437 2076 519 2123 illa
541 2076 632 2139 piae
657 2076 862 2124 secrevit
884 2076 1044 2124 littora
1066 2077 1217 2140 genti,

287 2160 352 2208 Ut
376 2160 645 2223 inquinavit
670 2175 762 2207 aere
786 2168 976 2222 tempus
1001 2175 1198 2207 aureum
1219 2177 1234 2218 3

225 2243 358 2300 AEre,
384 2243 562 2291 dehinc
589 2243 710 2291 ferro
737 2243 924 2290 duravit
957 2243 1146 2303 saecula,
1173 2260 1375 2306 quorum

291 2327 389 2375 Piis
413 2328 641 2388 secunda,
667 2336 775 2376 vate
800 2343 895 2385 me,
921 2328 1059 2375 datur
1084 2327 1210 2392 fuga.

554 2829 644 2880 10*

1612 103 1710 149 113

1648 559 1713 607 45

1648 984 1714 1031 50

1648 1406 1715 1453 55

1649 1831 1713 1877 60
