1894 3188
666 55 978 118 CARMINUM
995 80 1100 120 ΜΒ.
1122 84 1178 123 11.

386 195 551 244 Denso
573 208 823 261 paventem
846 205 1034 253 sustulit
1054 211 1165 256 aere
1187 227 1196 257 :

452 280 529 328 Te
552 297 714 330 rursus
737 284 787 332 in
811 286 988 337 bellum
1006 293 1254 342 resorbens

516 364 658 413 Unda
682 367 812 416 fretis
836 372 943 419 tulit
967 377 1193 424 aestuosis.

387 447 515 510 Ergo
537 448 793 513 obligatam
817 456 963 503 redde
988 458 1094 506 Jovi
1118 461 1302 525 dapem,
1329 520 1332 521 ⁷

384 530 641 594 Longaque
666 535 842 584 fessum
862 540 1027 589 militia
1052 543 1174 592 latus

447 613 647 678 Depone
672 620 760 665 sub
783 620 915 670 lauro
939 626 1046 673 mea
1068 644 1078 674 ε
1114 644 1206 678 nec

509 698 658 747 Parce
685 704 815 751 cadis
840 706 925 754 tibi
949 710 1210 761 destinatis.

380 780 625 831 Oblivioso
647 785 768 834 levia
792 787 1002 840 Massico

382 864 576 913 Ciboria
599 870 762 931 exple:
800 873 944 922 funde
969 882 1223 942 capacibus

441 949 697 1013 Unguenta
721 956 779 1003 de
805 962 1016 1009 conchis.
1085 965 1212 1016 Quis
1237 970 1330 1017 udo

505 1034 830 1100 Deproperare
856 1044 961 1106 apio
985 1063 1184 1097 coronas

378 1117 581 1165 Curatve
606 1131 757 1183 myrto
778 1127 796 1171 Ἰ
831 1143 970 1188 quem
995 1131 1160 1182 Venus
1184 1137 1409 1188 arbitrum

376 1201 518 1248 Dicet
543 1203 735 1253 bibendi
757 1210 775 1253 Ἰ
812 1211 923 1258 Non
948 1230 1037 1276 ego
1061 1218 1224 1266 sanius

437 1285 715 1336 Bacchabor
740 1291 921 1341 Edonis
942 1314 953 1342 ε
990 1310 1180 1364 recepto

500 1369 654 1419 Dulce
679 1375 793 1422 mihi
820 1377 972 1427 furere
997 1393 1067 1430 est
1091 1387 1259 1435 amico.

765 1798 903 1848 ODE
940 1802 1026 1850 VI.
1208 1780 1251 1859 ἲ.
1294 1808 1320 1816 ·

730 1947 795 1978 ΑΒ
831 1950 1066 1985 VALGIUM.

366 2057 482 2106 Nox
507 2078 687 2125 semper
713 2064 885 2113 imbres
910 2071 1116 2119 nubibus
1141 2075 1350 2138 hispidos

363 2141 564 2192 Manant
588 2147 635 2192 in
660 2165 813 2210 agros,
841 2161 921 2198 aut
945 2170 1073 2202 mare
1098 2156 1323 2222 Caspium

427 2228 613 2276 Vexant
639 2231 894 2294 inaequales
917 2241 1134 2298 procellae

488 2312 645 2374 Usque
667 2333 678 2372 ς
716 2333 806 2364 nec
832 2319 1074 2370 Armeniis
1098 2325 1147 2373 in
1183 2331 1292 2386 oris,

361 2394 530 2442 Amice
556 2398 710 2461 Valgi,
737 2411 827 2448 stat
851 2404 1028 2466 glacies
1054 2409 1180 2458 iners

356 2477 552 2527 Menses
576 2499 658 2544 per
681 2502 876 2545 omnes;
913 2499 993 2537 aut
1017 2493 1334 2556 Aquilonibus

419 2563 663 2614 Querceta
687 2570 897 2634 Gargani
928 2575 1160 2636 laborant,

483 2649 545 2696 Et
569 2652 690 2699 foliis
715 2655 966 2705 viduantur
991 2663 1110 2709 orni.

356 2729 435 2776 Tu
456 2749 640 2796 semper
665 2754 805 2800 urges
830 2741 1064 2792 flebilibus
1089 2750 1240 2798 modis

353 2812 544 2876 Mysten
572 2820 841 2883 ademptum
864 2842 873 2870 :
911 2843 1001 2873 nec
1017 2829 1100 2876 tibi
1129 2832 1337 2897 Vespero

417 2898 651 2962 Surgente
676 2905 915 2955 decedunt
940 2927 1138 2970 amores,

479 2982 587 3030 Nec
611 2987 825 3048 rapidum
853 2992 1064 3055 fugiente
1090 2999 1264 3047 Solem.

1651 105 1715 153 35

1658 310 1718 355 15

1646 729 1710 777 20

1636 1148 1700 1195 ὶυῧ(

1654 2429 1684 2474 ΕΗ

1622 2847 1700 2893 lo-
