1894 3188
589 91 903 132 CARMINUM
929 90 1036 131 LIB.
1066 89 1139 129 IV.

746 283 887 331 ODE
921 283 986 332 X.

649 434 716 464 AD
765 432 1075 465 PHYLLIDEM.

388 553 493 601 Es'r
516 551 635 598 mihi
659 567 842 598 nonum
867 549 1134 615 superantis
1158 564 1340 597 annum

389 634 568 682 Plenus
592 632 770 680 Albani
796 633 972 680 cadus:
1010 640 1082 679 est
1105 631 1155 678 in
1188 631 1338 691 horto,

388 715 560 779 Phylli,
586 716 840 764 nectendis
865 715 1026 778 apium
1050 715 1241 764 coronis
1262 731 1275 761 t

795 800 883 847 Est
906 800 1096 847 hederae
1123 799 1196 846 vis

388 884 565 942 Multa,
590 886 682 947 qu&
706 884 865 932 crines
888 885 1089 948 religata
1113 883 1284 947 fulges.

388 968 542 1016 Ridet
566 977 767 1032 argento
791 969 961 1016 domus
983 985 995 1014 ι
1032 983 1127 1027 ara,
1154 966 1299 1015 castis

390 1051 575 1101 Vincta
598 1052 836 1109 verbenis,
863 1060 970 1100 avet
994 1052 1237 1100 immolato

789 1138 1015 1201 Spargier
1040 1152 1183 1200 agno.

389 1220 582 1269 Cuncta
606 1221 800 1269 festinat
822 1238 1010 1278 manus,
1037 1222 1134 1268 huo
1157 1228 1206 1268 et
1230 1219 1346 1268 illuc

390 1305 640 1353 Cursitant
663 1305 823 1353 mixtae
847 1305 1009 1368 pueris
1033 1305 1233 1368 puellae:

390 1388 649 1437 Sordidum
673 1388 877 1436 flammae
902 1389 1143 1451 trepidant
1166 1395 1380 1436 rotantes

786 1471 985 1519 Vertiee
1011 1471 1211 1519 sumum.

387 1555 453 1606 Ut
476 1565 638 1604 tamen
662 1554 795 1603 n6ris
818 1555 992 1617 quibus
1017 1555 1266 1603 advoceris

390 1640 626 1698 Gaudiis3
664 1640 781 1687 Idus
806 1639 892 1687 tibi
918 1647 1030 1688 sunt
1061 1639 1279 1703 agendae,

389 1724 494 1777 Qui
519 1725 621 1773 dies
645 1741 862 1772 mensem
886 1723 1092 1772 Veneris
1116 1723 1314 1773 marinae

788 1809 958 1856 Findit
981 1808 1200 1872 Aprilem
1221 1825 1233 1856 ε

392 1893 511 1941 Jure
537 1894 763 1941 solemnis
787 1893 921 1950 mihi,
948 1893 1253 1955 sanc-,tlorque

390 1976 524 2025 Pene‘:
551 1979 699 2025 natali
721 1978 928 2040 proprio,
954 1976 1088 2041 qubd
1113 1994 1173 2024 ex
1196 1977 1289 2024 hac

393 2060 529 2109 Luce
554 2061 800 2110 Maecenas
823 2078 960 2108 meus
985 2061 1235 2108 affluentes

789 2145 998 2193 Ordinat
1023 2162 1192 2194 annos.

731 2481 872 2529 ODE
907 2481 1000 2529 XI.

673 2632 740 2664 AD
775 2632 1059 2664 VIRGILIUM.

1599 91 1666 141 93

1608 1302 1670 1350 10

1612 1725 1672 1773 15

1610 2146 1675 2194 20

326 2750 433 2798 JAM
456 2750 579 2798 veris
603 2750 819 2806 comites,
845 2767 951 2813 quae
976 2766 1109 2798 mare
1133 2758 1415 2815 temperant,

330 2834 590 2898 Impellunt
613 2835 784 2882 animae
809 2835 958 2882 lintea
981 2835 1241 2884 Thraciae:

329 2917 440 2967 Jam
463 2936 555 2968 neo
578 2927 712 2983 prata
736 2919 909 2983 rigent,
936 2935 1028 2967 neo
1053 2919 1184 2968 fluvii
1209 2929 1425 2984 strepunt

596 3004 812 3052 Hibern121
836 3003 944 3052 nive
970 3004 1163 3069 turgidi.
