1894 3188
163 83 268 133 216
702 77 751 124 Q.
781 77 1018 116 HORATII
1047 75 1252 116 FLACCI

230 206 343 254 Non
368 212 440 252 est
462 203 543 266 qui
567 211 738 250 tractet
760 218 771 250 :
808 202 903 250 scis
926 218 1019 265 quo
1043 203 1248 250 clamore
1274 217 1458 249 coronae

230 290 407 338 Proelia
430 288 665 335 sustineas
688 286 1000 349 campestria:
1038 287 1242 349 denique
1267 302 1438 334 saevam

229 373 595 435 Militiampuer
620 381 668 419 et
692 371 984 418 Cantabrica
1007 371 1130 418 bella
1153 371 1302 418 tulisti

230 459 332 506 Sub
356 458 481 504 duce
506 456 586 518 qui
609 455 797 518 templis
823 454 1106 502 Parthorum
1130 455 1269 518 signa
1293 454 1448 517 refigit

230 543 393 601 Nunc,
419 550 466 588 et
490 541 529 587 si
549 540 661 602 quid
687 541 833 598 abest,
861 538 993 585 Italis
1018 539 1260 601 adjudicat
1279 538 1434 585 armis.

233 627 323 686 Ac,
350 642 411 673 ne
435 633 481 672 te
506 625 730 683 retrahas,
757 637 804 670 et
828 623 1166 670 inexcusabilis
1191 622 1361 678 abstes‚

1698 371 1729 417 ιη

1732 372 1763 418 vx

227 709 465 761 Quamvis
489 708 556 755 nil
580 716 713 755 extra
735 723 987 754 numerum
1013 706 1181 753 secisse
1207 707 1490 769 modumque

229 795 404 850 CuraS‚
429 793 670 840 interdum
694 792 888 855 nugaris
911 806 1019 838 rure
1044 799 1269 853 paterno:
1697 792 1762 838 60

231 879 437 927 Partitur
461 877 626 924 lintres
649 876 886 923 exercitus
907 892 918 932 3
957 875 1101 922 Actia
1123 891 1288 937 pugna

231 963 309 1010 Te
334 963 457 1009 duce
481 977 563 1023 per
586 976 758 1023 pueros
774 958 940 1006 hostili
965 975 1094 1005 more
1119 959 1318 1005 refertur
1338 975 1351 1015 3

231 1045 548 1094 Adversarius
571 1053 642 1091 est
667 1046 840 1100 frater3
877 1044 1025 1098 lacus,
1053 1043 1264 1100 Hadria3
1303 1044 1456 1090 donec

231 1131 528 1179 Alterutrum
553 1129 689 1176 velox
712 1127 912 1175 victoria
935 1127 1101 1174 fronde
1127 1136 1334 1174 coronet.

229 1213 514 1263 Consentire
539 1212 636 1259 suis
661 1212 830 1259 studiis
854 1211 934 1274 qui
959 1211 1214 1258 crediderit
1237 1220 1301 1267 te,
1696 1212 1759 1258 65

160 1340 164 1346 .
230 1299 408 1346 Fautor
432 1306 630 1359 utroque
655 1305 791 1343 tuum
814 1296 1026 1342 laudabit
1048 1296 1219 1358 pollice
1243 1296 1421 1342 ludum.

295 1382 517 1430 Protinus
541 1390 592 1428 ut
618 1397 856 1436 moneam,
883 1380 922 1426 si
947 1380 1057 1442 quid
1083 1380 1327 1427 monitoris
1352 1396 1464 1442 eges
1488 1388 1552 1437 tu,

227 1467 366 1518 Quid
390 1467 448 1512 de
473 1465 796 1526 quoque-viro,
822 1475 869 1511 et
893 1464 971 1510 cui
996 1464 1141 1522 dicas,
1169 1463 1294 1525 saepe
1323 1463 1492 1509 videto.

231 1550 651 1598 Percunctatorem
677 1548 825 1609 fugito
846 1564 856 1603 3
894 1563 1003 1593 nam
1027 1547 1242 1609 garrulus
1266 1547 1392 1593 idem
1417 1555 1501 1604 est,

228 1634 338 1682 Nec
363 1626 569 1680 retinent
592 1631 763 1694 patulae
789 1630 1040 1677 commissa
1064 1630 1263 1677 fideliter
1288 1647 1424 1677 aures
1445 1648 1456 1687 3
1695 1632 1757 1677 70

229 1717 293 1765 Et
316 1716 462 1763 semel
486 1715 712 1762 emissum
737 1714 860 1761 volat
884 1713 1191 1760 irrevocabile
1220 1715 1428 1761 verbum.

279 1801 489 1853 Qualem
511 1799 817 1846 commendes
837 1798 979 1844 etiam
1001 1806 1138 1858 atque
1163 1798 1307 1844 etiam
1332 1798 1489 1860 aspice
1511 1814 1523 1854 3
1561 1814 1621 1845 ne
1647 1814 1754 1846 mox

228 1885 474 1933 Incutiant
497 1883 653 1930 aliena
676 1882 761 1928 tibi
785 1890 984 1943 peccata
1006 1882 1250 1943 pudorem.

227 1969 473 2024 Fallimur,
499 1975 546 2014 et
569 1966 809 2028 quondam
834 1982 928 2012 non
954 1966 1152 2028 dignum
1177 1966 1403 2021 tradimus
1425 1982 1434 2011 ε
1472 1982 1596 2029 ergo,

224 2053 390 2104 Quem
413 2068 499 2099 sua
522 2051 663 2113 culpa
686 2058 884 2113 premet,
909 2050 1137 2112 deceptus
1160 2050 1323 2096 omitte
1350 2050 1469 2096 tueri
1491 2067 1501 2096 ε
1692 2052 1753 2097 75

226 2137 291 2185 Ut
313 2134 502 2200 penitus
526 2143 706 2192 notum,
732 2133 771 2180 si
795 2142 980 2180 tentent
1004 2134 1220 2189 crimina,
1247 2149 1417 2189 serves,

226 2218 516 2280 Tuterisque
541 2226 622 2263 tuo
645 2216 870 2262 fidentem
894 2216 1113 2278 praesidio
1133 2233 1144 2274 3
1181 2216 1261 2278 qui

226 2302 383 2350 Dente
409 2300 666 2348 Theonino
689 2317 835 2362 quum
859 2300 1238 2357 circumroditur‚
1266 2302 1437 2364 ecquid

227 2387 307 2434 Ad
330 2394 376 2433 te
400 2385 506 2449 post
527 2384 666 2447 paulo
691 2392 888 2431 ventura
911 2384 1122 2446 pericula
1145 2386 1328 2432 sentis?

225 2471 352 2519 Nam
377 2479 459 2517 tua
481 2485 556 2516 res
580 2469 747 2532 agitur,
772 2469 926 2531 paries
950 2485 1093 2531 quum
1118 2470 1358 2532 proximus
1383 2470 1514 2516 ardet
1535 2487 1543 2526 ;
1688 2470 1752 2516 80

225 2554 289 2602 Et
312 2554 531 2617 neglecta
554 2553 708 2600 solent
732 2552 958 2599 incendia
983 2570 1168 2600 sumere
1194 2554 1328 2600 vires.

292 2637 458 2684 Dulcis
483 2636 740 2698 inexpertis
763 2636 950 2683 cultura
972 2638 1177 2698 potentis
1201 2638 1341 2684 amici
1362 2654 1374 2693 3

225 2721 460 2784 Expertus
484 2720 665 2767 metuit.
735 2719 832 2775 Tu,
859 2720 973 2767 dum
997 2729 1079 2767 tua
1103 2722 1234 2768 navis
1259 2722 1308 2767 in
1334 2720 1427 2767 alto
1450 2729 1536 2776 est,

226 2805 335 2852 Hoc
359 2820 446 2866 age
470 2821 530 2850 ne
555 2813 735 2851 mutata
758 2803 1013 2855 retrorsum
1039 2814 1084 2851 te
1110 2805 1227 2852 ferat
1252 2820 1378 2851 aura.

291 2887 511 2935 Oderunt
535 2887 733 2934 hilarem
758 2888 931 2943 tristes,
958 2888 1231 2949 tristemque
1250 2889 1401 2950 jocosi
1423 2905 1434 2945 3
1689 2889 1753 2936 85

226 2971 454 3020 Sedatum
479 2969 674 3028 celeres,
701 2970 873 3033 agilem
897 2986 1198 3033 gnavumque
1223 2972 1406 3018 remissi
1431 2989 1440 3018 ε
