1894 3188
177 91 245 140 24

709 92 758 138 Q.
787 90 1025 131 HORATII
1052 91 1256 132 FLACCI

795 283 935 331 ODE
970 284 1163 332 XXVI.

778 434 846 466 AD
870 434 1175 466 APOLLINEM.

437 551 579 603 Qun)
604 551 878 600 dedicatum
899 553 1055 616 poscit
1078 553 1346 616 Apollinem

440 636 624 684 Vates?
659 636 774 699 quid
797 646 916 694 orat,
940 639 1000 686 de
1024 639 1186 701 patera
1209 655 1384 687 novum

505 720 737 769 Funde-ns
760 722 991 785 liquorem
1009 724 1029 770 ’ἔ
1064 723 1178 771 Non
1200 723 1385 787 opimas

576 805 810 854 Sardiniae
834 816 1022 871 segetes
1055 808 1227 856 feracis
1246 826 1258 867 3

434 889 548 938 Non
572 900 786 939 aestuosae
810 901 946 956 grata
977 893 1130 940 Calab
1140 894 1224 941 riae

439 976 709 1033 Armenta3
744 993 842 1024 non
867 993 1036 1025 aurum
1060 986 1142 1025 aut
1164 979 1282 1026 ebur
1306 978 1531 1027 Indicum
1552 995 1564 1035 3

497 1059 613 1108 Non
636 1077 748 1108 rura
765 1078 869 1124 quae
894 1061 1020 1109 Liris
1044 1062 1203 1124 quieta

567 1144 759 1192 Mordet
782 1147 919 1208 aqua,
945 1146 1211 1194 taciturnus
1235 1147 1402 1195 amnis.

437 1229 663 1277 Premant
686 1230 870 1278 Calena
893 1230 1032 1287 falce,
1058 1231 1230 1293 quibus
1254 1232 1385 1280 dedit

435 1313 661 1374 Fortuna,
689 1315 834 1362 vitem
856 1331 865 1362 :
903 1315 1036 1362 dives
1059 1324 1106 1363 et
1130 1316 1286 1364 aureis

500 1399 739 1469 Mercator
763 1399 975 1446 exsiccet
999 1399 1187 1446 culullis

562 1483 692 1530 Vina
715 1484 835 1546 Syra
858 1492 1075 1546 reparata
1096 1500 1272 1543 merce,

435 1567 528 1615 Dis
547 1583 688 1615 carus
711 1567 824 1630 ipsis
845 1584 858 1624 3
894 1567 1067 1630 quippe
1091 1575 1163 1615 ter
1186 1577 1235 1615 et
1257 1577 1421 1631 quater

436 1656 584 1701 Anno
607 1653 820 1701 revisens
844 1669 1000 1716 aequor
1025 1653 1326 1701 Atlanticum

496 1737 718 1802 Impune.
786 1738 873 1786 Me
895 1746 1096 1801 pascant
1119 1738 1269 1797 olivae,

563 1823 647 1871 Me
672 1823 911 1882 cichorea,
936 1823 1158 1885 levesque
1182 1822 1360 1870 malvae.

435 1907 552 1955 Frui
575 1908 753 1971 paratis
778 1916 826 1955 et
848 1908 1003 1955 valido
1027 1908 1159 1967 mihi,

436 1992 601 2051 Lame,
628 1992 794 2048 dones,
819 2000 880 2051 et,
906 2008 1089 2054 precor,
1115 1992 1299 2054 integra

500 2077 627 2124 Cum
651 2084 810 2123 mente
831 2093 841 2134 3
878 2092 970 2123 nec
994 2084 1179 2139 turpem
1203 2083 1443 2122 senectam

564 2161 772 2224 Degere,
797 2176 890 2208 nec
914 2160 1096 2208 cithara
1120 2170 1374 2208 carentem.

771 2493 911 2541 ODE
946 2494 1165 2541 XXVII.
1331 2503 1477 2574 ”ff

1376 2594 1432 2616 ug:

822 2643 888 2674 AD
924 2643 1111 2674 LYRAM.
1385 2627 1410 2660 f

433 2762 693 2810 Poscmun
708 2796 720 2808 .
737 2795 749 2808 .
769 2798 778 2808 .
805 2761 844 2808 si
867 2761 981 2823 quid
1005 2761 1143 2808 vacui
1174 2760 1262 2808 sub
1285 2761 1452 2808 umbra

434 2847 657 2894 Lusimus
679 2855 858 2902 tecum,
883 2846 1008 2908 quod
1035 2853 1082 2892 et
1106 2846 1236 2892 hunc
1259 2844 1309 2892 in
1333 2860 1510 2892 annum

405 2970 418 2984 .,
432 2931 587 2991 Vivat,
617 2940 666 2979 et
686 2931 880 2994 plures3
918 2946 1023 2994 age,
1049 2930 1128 2977 dic
1152 2929 1391 2988 Latinum,

766 3014 979 3072 Barbite‚
1005 3030 1199 3062 carmen
1216 3031 1230 3071 3

1712 1317 1772 1363 10
