1894 3188
432 633 520 709 Q.
588 629 1008 692 HoRATII
1071 629 1426 691 FLACCI

654 817 1202 872 SATIRARUM

700 991 877 1030 LIBER
905 990 1142 1030 PRIMUS.

754 1318 1022 1367 SATIRA
1058 1318 1100 1366 Ι.

692 1469 760 1500 AD
797 1469 1150 1501 MAECENATEM.

664 1545 688 1553 ἢ

245 1588 351 1641 Qui
377 1588 443 1648 fit,
470 1586 733 1642 MaecenaS‚
760 1595 812 1633 ut
835 1602 978 1634 nemo
1001 1603 1146 1648 quam
1172 1586 1261 1634 sibi
1285 1597 1459 1636 sortem

247 1675 346 1722 Seu
370 1672 490 1721 ratio
513 1671 716 1727 dederit,
742 1687 827 1718 seu
853 1671 947 1718 fors
970 1672 1215 1735 objecerit,
1242 1672 1322 1720 illa

245 1759 516 1807 Contentus
541 1757 679 1815 vivat,
706 1756 869 1803 laudet
893 1756 1080 1803 diversa
1104 1759 1396 1819 sequentes?

245 1827 341 1890 “³0
366 1841 592 1890 fortunati
618 1839 938 1888 mercatores!
961 1842 988 1862 '²
1027 1841 1184 1904 gravis
1209 1841 1350 1888 annis

243 1923 388 1971 Miles
413 1923 494 1979 ait,
520 1922 669 1970 multo
689 1922 788 1986 jam
813 1923 994 1970 fractus
1018 1923 1232 1970 membra
1255 1923 1435 1970 labore.
1683 1923 1726 1970 ,5

246 2006 430 2056 Contr&
453 2017 706 2063 mercator,
733 2007 890 2054 navim
914 2007 1210 2070 jactantibus
1236 2006 1446 2062 Austris,

243 2101 274 2122 ‘⁶
296 2092 474 2140 Militia
493 2100 569 2146 ,est
591 2092 745 2154 potior
767 2108 778 2138 z
815 2091 928 2154 quid
949 2092 1079 2139 euim
1101 2094 1119 2138 ’ἒ
1158 2091 1491 2148 concurritur3
1528 2092 1657 2139 horae

240 2176 488 2225 Momento
512 2175 760 2238 citavmors
784 2176 932 2232 venit,
958 2185 1039 2223 aut
1063 2176 1262 2223 victoria
1285 2176 1441 2224 laeta.''

239 2261 522 2325 Agricolam
545 2261 712 2308 laudat
730 2260 853 2324 juris
876 2261 1132 2324 legumque
1156 2260 1353 2323 peritus,

239 2346 343 2393 Sub
367 2345 483 2408 galli
508 2354 704 2392 cantum
730 2345 973 2393 consultor
997 2345 1080 2392 ubi
1104 2345 1226 2393 ostia
1248 2345 1419 2407 pulsat.
1665 2346 1723 2391 10

238 2429 342 2489 Ille,
367 2429 492 2477 datis
516 2429 716 2476 vadibus
739 2429 820 2491 qui
844 2445 954 2476 rure
979 2438 1225 2487 extractus
1248 2429 1299 2476 in
1323 2429 1491 2476 urbem
1517 2438 1604 2484 est,

237 2513 375 2561 Solos
401 2513 568 2560 felices
591 2513 806 2560 viventes
830 2513 1009 2560 clamat
1033 2513 1082 2560 in
1109 2514 1241 2560 urbe.

235 2598 425 2645 Caetera
443 2598 503 2644 de
527 2613 705 2659 genere
732 2598 840 2653 hoc,
863 2597 984 2644 adeo
1010 2606 1122 2644 sunt
1146 2596 1311 2653 multa,
1339 2597 1589 2659 loquacem
1661 2605 1666 2629 1¹

173 2739 181 2742 ,
221 2681 495 2745 „Delassare
520 2681 679 2727 valent
705 2680 926 2727 Fabium.
996 2680 1075 2727 Ne
1101 2690 1146 2727 te
1170 2696 1341 2740 morer,
1368 2680 1478 2727 audi

232 2763 352 2816 Quo
373 2780 473 2811 rem
493 2764 750 2811 deducam.
812 2764 865 2811 Si
884 2764 990 2826 quis
1006 2765 1148 2824 deus,
1172 2773 1201 2794 ‘⁴
1224 2764 1301 2812 En
1326 2765 1468 2828 ego‚’'
1491 2764 1633 2822 dicat,
1661 2765 1720 2813 15
1742 2751 1747 2756 ¹

234 2854 262 2875 “
283 2847 394 2896 Jam
420 2847 592 2895 faciam
617 2848 744 2910 quod
768 2848 941 2896 vultis:
978 2848 1073 2896 eris
1096 2857 1166 2905 tu,
1192 2849 1273 2910 qui
1297 2847 1441 2896 modo
1466 2847 1616 2904 miles,

231 2925 507 2980 Mercator:
544 2945 610 2991 tu,
637 2933 885 2980 consultus
909 2923 1068 2992 modo,
1093 2934 1330 2981 rusticus:
1368 2932 1484 2980 hinc
1508 2928 1605 2987 uos,

232 3016 332 3064 Vos
357 3016 489 3073 hinc,
515 3016 710 3064 mutatis
734 3016 969 3064 discedite
993 3017 1227 3080 partibus,
1297 3016 1415 3065 Eia!
