<?xml version="1.0" encoding="UTF-8"?>
<!DOCTYPE html PUBLIC "-//W3C//DTD XHTML 1.0 Transitional//EN"
    "http://www.w3.org/TR/xhtml1/DTD/xhtml1-transitional.dtd">
<html xmlns="http://www.w3.org/1999/xhtml" xml:lang="en" lang="en">
 <head>
  <title>
</title>
<meta http-equiv="Content-Type" content="text/html;charset=utf-8" />
  <meta name='ocr-system' content='tesseract 3.04.00' />
  <meta name='ocr-capabilities' content='ocr_page ocr_carea ocr_par ocr_line ocrx_word'/>
</head>
<body>
  <div class='ocr_page' id='page_1' title='image "./quintihoratiifla1928hora_0114.png"; bbox 0 0 1894 3188; ppageno 0'>
   <div class='ocr_carea' id='block_1_1' title="bbox 153 128 253 176">
    <p class='ocr_par' dir='ltr' id='par_1_1' title="bbox 153 128 253 176">
     <span class='ocr_line' id='line_1_1' title="bbox 153 128 253 176; baseline 0.01 -1"><span class='ocrx_word' id='word_1_1' title='bbox 153 128 253 176; x_wconf 87' lang='grc'>104</span> 
     </span>
    </p>
   </div>
   <div class='ocr_carea' id='block_1_2' title="bbox 686 125 1241 172">
    <p class='ocr_par' dir='ltr' id='par_1_2' title="bbox 686 125 1241 172">
     <span class='ocr_line' id='line_1_2' title="bbox 686 125 1241 172; baseline 0.002 -8"><span class='ocrx_word' id='word_1_2' title='bbox 686 125 737 172; x_wconf 84' lang='lat' dir='ltr'>Q.</span> <span class='ocrx_word' id='word_1_3' title='bbox 766 125 1005 165; x_wconf 86' lang='lat' dir='ltr'><strong>HORATII</strong></span> <span class='ocrx_word' id='word_1_4' title='bbox 1033 125 1241 165; x_wconf 85' lang='lat' dir='ltr'><strong>FLACCI</strong></span> 
     </span>
    </p>
   </div>
   <div class='ocr_carea' id='block_1_3' title="bbox 410 248 1475 564">
    <p class='ocr_par' dir='ltr' id='par_1_3' title="bbox 411 248 1316 399">
     <span class='ocr_line' id='line_1_3' title="bbox 411 248 1316 316; baseline -0.002 -15"><span class='ocrx_word' id='word_1_5' title='bbox 411 248 549 301; x_wconf 79' lang='lat' dir='ltr'>Quid</span> <span class='ocrx_word' id='word_1_6' title='bbox 574 250 745 298; x_wconf 82' lang='lat' dir='ltr'><strong>attinet</strong></span> <span class='ocrx_word' id='word_1_7' title='bbox 767 259 836 298; x_wconf 90' lang='lat' dir='ltr'>tot</span> <span class='ocrx_word' id='word_1_8' title='bbox 859 268 942 299; x_wconf 88' lang='lat' dir='ltr'>ora</span> <span class='ocrx_word' id='word_1_9' title='bbox 965 252 1159 299; x_wconf 88' lang='lat' dir='ltr'>navium</span> <span class='ocrx_word' id='word_1_10' title='bbox 1183 251 1316 316; x_wconf 86' lang='lat' dir='ltr'>gravi</span> 
     </span>
     <span class='ocr_line' id='line_1_4' title="bbox 640 324 1244 399; baseline 0.002 -17"><span class='ocrx_word' id='word_1_11' title='bbox 640 324 1009 383; x_wconf 82' lang='lat' dir='ltr'>Rostrataduci</span> <span class='ocrx_word' id='word_1_12' title='bbox 1033 337 1244 399; x_wconf 86' lang='lat' dir='ltr'>pondere</span> 
     </span>
    </p>

    <p class='ocr_par' dir='ltr' id='par_1_4' title="bbox 410 418 1475 564">
     <span class='ocr_line' id='line_1_5' title="bbox 410 418 1475 482; baseline -0.001 -14"><span class='ocrx_word' id='word_1_13' title='bbox 410 418 596 468; x_wconf 84' lang='lat' dir='ltr'>Contra</span> <span class='ocrx_word' id='word_1_14' title='bbox 620 419 828 466; x_wconf 86' lang='lat' dir='ltr'>latrones</span> <span class='ocrx_word' id='word_1_15' title='bbox 854 428 993 482; x_wconf 87' lang='lat' dir='ltr'>atque</span> <span class='ocrx_word' id='word_1_16' title='bbox 1020 420 1238 467; x_wconf 89' lang='lat' dir='ltr'>servilem</span> <span class='ocrx_word' id='word_1_17' title='bbox 1265 435 1475 480; x_wconf 88' lang='lat' dir='ltr'>manum,</span> 
     </span>
     <span class='ocr_line' id='line_1_6' title="bbox 638 504 1361 564; baseline 0.001 -13"><span class='ocrx_word' id='word_1_18' title='bbox 638 504 763 564; x_wconf 91' lang='lat' dir='ltr'>Hoc,</span> <span class='ocrx_word' id='word_1_19' title='bbox 785 505 877 552; x_wconf 89' lang='lat' dir='ltr'>hoc</span> <span class='ocrx_word' id='word_1_20' title='bbox 901 505 1094 552; x_wconf 89' lang='lat' dir='ltr'>tribuno</span> <span class='ocrx_word' id='word_1_21' title='bbox 1118 505 1361 552; x_wconf 70' lang='lat' dir='ltr'>militum?</span> 
     </span>
    </p>
   </div>
   <div class='ocr_carea' id='block_1_4' title="bbox 785 827 1060 875">
    <p class='ocr_par' dir='ltr' id='par_1_5' title="bbox 785 827 1060 875">
     <span class='ocr_line' id='line_1_7' title="bbox 785 827 1060 875; baseline 0.022 -6"><span class='ocrx_word' id='word_1_22' title='bbox 785 866 789 869; x_wconf 86' lang='lat'>.</span> <span class='ocrx_word' id='word_1_23' title='bbox 821 827 963 874; x_wconf 89' lang='lat' dir='ltr'>ODE</span> <span class='ocrx_word' id='word_1_24' title='bbox 999 828 1060 875; x_wconf 92' lang='lat' dir='ltr'>V.</span> 
     </span>
    </p>
   </div>
   <div class='ocr_carea' id='block_1_5' title="bbox 600 977 1293 1009">
    <p class='ocr_par' dir='ltr' id='par_1_6' title="bbox 600 977 1293 1009">
     <span class='ocr_line' id='line_1_8' title="bbox 600 977 1293 1009; baseline -0.001 0"><span class='ocrx_word' id='word_1_25' title='bbox 600 978 657 1009; x_wconf 84' lang='lat' dir='ltr'>IN</span> <span class='ocrx_word' id='word_1_26' title='bbox 693 977 947 1009; x_wconf 80' lang='lat' dir='ltr'><strong>CANIDIAM</strong></span> <span class='ocrx_word' id='word_1_27' title='bbox 982 978 1293 1009; x_wconf 86' lang='lat' dir='ltr'><strong>VENEFICAM.</strong></span> 
     </span>
    </p>
   </div>
   <div class='ocr_carea' id='block_1_6' title="bbox 353 1095 1397 1159">
    <p class='ocr_par' dir='ltr' id='par_1_7' title="bbox 353 1095 1397 1159">
     <span class='ocr_line' id='line_1_9' title="bbox 353 1095 1397 1159; baseline -0.002 -15"><span class='ocrx_word' id='word_1_28' title='bbox 353 1101 380 1123; x_wconf 91' lang='lat'><strong>“</strong></span> <span class='ocrx_word' id='word_1_29' title='bbox 397 1096 493 1156; x_wconf 76' lang='lat' dir='ltr'>AT,</span> <span class='ocrx_word' id='word_1_30' title='bbox 519 1112 548 1143; x_wconf 95' lang='lat' dir='ltr'>o</span> <span class='ocrx_word' id='word_1_31' title='bbox 574 1097 771 1144; x_wconf 84' lang='lat' dir='ltr'>deorum</span> <span class='ocrx_word' id='word_1_32' title='bbox 795 1095 1025 1158; x_wconf 87' lang='lat' dir='ltr'>quidquid</span> <span class='ocrx_word' id='word_1_33' title='bbox 1051 1096 1100 1142; x_wconf 90' lang='lat' dir='ltr'>in</span> <span class='ocrx_word' id='word_1_34' title='bbox 1127 1096 1249 1143; x_wconf 87' lang='lat' dir='ltr'>coelo</span> <span class='ocrx_word' id='word_1_35' title='bbox 1273 1095 1397 1159; x_wconf 84' lang='lat' dir='ltr'>regit</span> 
     </span>
    </p>
   </div>
   <div class='ocr_carea' id='block_1_7' title="bbox 398 1178 1524 1573">
    <p class='ocr_par' dir='ltr' id='par_1_8' title="bbox 398 1178 1524 1573">
     <span class='ocr_line' id='line_1_10' title="bbox 666 1178 1416 1243; baseline -0.003 -14"><span class='ocrx_word' id='word_1_36' title='bbox 666 1181 847 1229; x_wconf 86' lang='lat' dir='ltr'>Terras</span> <span class='ocrx_word' id='word_1_37' title='bbox 871 1189 919 1228; x_wconf 89' lang='lat' dir='ltr'>et</span> <span class='ocrx_word' id='word_1_38' title='bbox 943 1182 1206 1227; x_wconf 86' lang='lat' dir='ltr'>humanum</span> <span class='ocrx_word' id='word_1_39' title='bbox 1231 1178 1416 1243; x_wconf 84' lang='lat' dir='ltr'>genus!</span> 
     </span>
     <span class='ocr_line' id='line_1_11' title="bbox 398 1265 1524 1327; baseline -0.001 -14"><span class='ocrx_word' id='word_1_40' title='bbox 398 1265 536 1318; x_wconf 76' lang='lat' dir='ltr'>Quid</span> <span class='ocrx_word' id='word_1_41' title='bbox 561 1265 650 1313; x_wconf 89' lang='lat' dir='ltr'>iste</span> <span class='ocrx_word' id='word_1_42' title='bbox 676 1266 766 1313; x_wconf 85' lang='lat' dir='ltr'>fert</span> <span class='ocrx_word' id='word_1_43' title='bbox 789 1265 1022 1312; x_wconf 87' lang='lat' dir='ltr'>tumultus</span> <span class='ocrx_word' id='word_1_44' title='bbox 1044 1267 1062 1311; x_wconf 64' lang='grc' dir='ltr'><strong><em>Ἰ</em></strong></span> <span class='ocrx_word' id='word_1_45' title='bbox 1099 1274 1147 1312; x_wconf 88' lang='lat' dir='ltr'>et</span> <span class='ocrx_word' id='word_1_46' title='bbox 1171 1265 1285 1327; x_wconf 90' lang='lat' dir='ltr'>quid</span> <span class='ocrx_word' id='word_1_47' title='bbox 1309 1265 1524 1312; x_wconf 87' lang='lat' dir='ltr'>omnium</span> 
     </span>
     <span class='ocr_line' id='line_1_12' title="bbox 667 1350 1418 1397; baseline -0.001 0"><span class='ocrx_word' id='word_1_48' title='bbox 667 1350 841 1397; x_wconf 91' lang='lat' dir='ltr'>Vultus</span> <span class='ocrx_word' id='word_1_49' title='bbox 866 1350 915 1397; x_wconf 88' lang='lat' dir='ltr'>in</span> <span class='ocrx_word' id='word_1_50' title='bbox 940 1367 1091 1397; x_wconf 87' lang='lat' dir='ltr'>unum</span> <span class='ocrx_word' id='word_1_51' title='bbox 1116 1366 1193 1397; x_wconf 89' lang='lat' dir='ltr'>me</span> <span class='ocrx_word' id='word_1_52' title='bbox 1217 1351 1418 1397; x_wconf 64' lang='lat' dir='ltr'>truces?</span> 
     </span>
     <span class='ocr_line' id='line_1_13' title="bbox 399 1433 1286 1497; baseline -0.003 -14"><span class='ocrx_word' id='word_1_53' title='bbox 399 1433 491 1484; x_wconf 88' lang='lat' dir='ltr'>Per</span> <span class='ocrx_word' id='word_1_54' title='bbox 514 1435 688 1482; x_wconf 88' lang='lat' dir='ltr'>liberos</span> <span class='ocrx_word' id='word_1_55' title='bbox 710 1443 775 1491; x_wconf 88' lang='lat' dir='ltr'>te,</span> <span class='ocrx_word' id='word_1_56' title='bbox 801 1435 842 1481; x_wconf 90' lang='lat' dir='ltr'>si</span> <span class='ocrx_word' id='word_1_57' title='bbox 865 1443 1033 1482; x_wconf 86' lang='lat' dir='ltr'>vocata</span> <span class='ocrx_word' id='word_1_58' title='bbox 1055 1434 1286 1497; x_wconf 85' lang='lat' dir='ltr'>partubus</span> 
     </span>
     <span class='ocr_line' id='line_1_14' title="bbox 641 1517 1195 1573; baseline -0.002 -9"><span class='ocrx_word' id='word_1_59' title='bbox 641 1517 853 1565; x_wconf 42' lang='lat' dir='ltr'>‘Lucina</span> <span class='ocrx_word' id='word_1_60' title='bbox 877 1518 1000 1564; x_wconf 89' lang='lat' dir='ltr'>veris</span> <span class='ocrx_word' id='word_1_61' title='bbox 1026 1517 1195 1573; x_wconf 83' lang='lat' dir='ltr'>adsuit,</span> 
     </span>
    </p>
   </div>
   <div class='ocr_carea' id='block_1_8' title="bbox 398 1602 1494 1748">
    <p class='ocr_par' dir='ltr' id='par_1_9' title="bbox 398 1602 1494 1748">
     <span class='ocr_line' id='line_1_15' title="bbox 398 1602 1414 1664; baseline -0.003 -13"><span class='ocrx_word' id='word_1_62' title='bbox 398 1602 490 1651; x_wconf 94' lang='lat' dir='ltr'>Per</span> <span class='ocrx_word' id='word_1_63' title='bbox 514 1602 606 1650; x_wconf 85' lang='lat' dir='ltr'>hoc</span> <span class='ocrx_word' id='word_1_64' title='bbox 630 1602 774 1649; x_wconf 85' lang='lat' dir='ltr'>inane</span> <span class='ocrx_word' id='word_1_65' title='bbox 798 1618 1019 1664; x_wconf 87' lang='lat' dir='ltr'>purpurae</span> <span class='ocrx_word' id='word_1_66' title='bbox 1045 1602 1210 1657; x_wconf 87' lang='lat' dir='ltr'>decus,</span> <span class='ocrx_word' id='word_1_67' title='bbox 1230 1617 1414 1664; x_wconf 83' lang='lat' dir='ltr'>precor,</span> 
     </span>
     <span class='ocr_line' id='line_1_16' title="bbox 661 1685 1494 1748; baseline -0.002 -14"><span class='ocrx_word' id='word_1_68' title='bbox 661 1686 753 1734; x_wconf 90' lang='lat' dir='ltr'>Per</span> <span class='ocrx_word' id='word_1_69' title='bbox 778 1686 1155 1748; x_wconf 82' lang='lat' dir='ltr'>improbaturum</span> <span class='ocrx_word' id='word_1_70' title='bbox 1181 1686 1284 1732; x_wconf 85' lang='lat' dir='ltr'>haec</span> <span class='ocrx_word' id='word_1_71' title='bbox 1311 1685 1494 1744; x_wconf 87' lang='lat' dir='ltr'>Jovem,</span> 
     </span>
    </p>
   </div>
   <div class='ocr_carea' id='block_1_9' title="bbox 381 1767 1433 3076">
    <p class='ocr_par' dir='ltr' id='par_1_10' title="bbox 395 1767 1384 1901">
     <span class='ocr_line' id='line_1_17' title="bbox 395 1767 1384 1825; baseline -0.004 -5"><span class='ocrx_word' id='word_1_72' title='bbox 395 1769 533 1822; x_wconf 78' lang='lat' dir='ltr'>Quid</span> <span class='ocrx_word' id='word_1_73' title='bbox 557 1778 610 1818; x_wconf 87' lang='lat' dir='ltr'>ut</span> <span class='ocrx_word' id='word_1_74' title='bbox 633 1786 840 1818; x_wconf 88' lang='lat' dir='ltr'>noverca</span> <span class='ocrx_word' id='word_1_75' title='bbox 865 1786 940 1816; x_wconf 89' lang='lat' dir='ltr'>me</span> <span class='ocrx_word' id='word_1_76' title='bbox 966 1769 1182 1825; x_wconf 87' lang='lat' dir='ltr'>intueris,</span> <span class='ocrx_word' id='word_1_77' title='bbox 1209 1777 1290 1817; x_wconf 85' lang='lat' dir='ltr'>aut</span> <span class='ocrx_word' id='word_1_78' title='bbox 1314 1767 1384 1817; x_wconf 78' lang='lat' dir='ltr'>uti</span> 
     </span>
     <span class='ocr_line' id='line_1_18' title="bbox 662 1853 1245 1901; baseline -0.002 0"><span class='ocrx_word' id='word_1_79' title='bbox 662 1854 822 1901; x_wconf 85' lang='lat' dir='ltr'>Petita</span> <span class='ocrx_word' id='word_1_80' title='bbox 847 1854 973 1901; x_wconf 88' lang='lat' dir='ltr'>ferro</span> <span class='ocrx_word' id='word_1_81' title='bbox 998 1854 1157 1900; x_wconf 84' lang='lat' dir='ltr'>bellua</span> <span class='ocrx_word' id='word_1_82' title='bbox 1178 1855 1196 1900; x_wconf 73' lang='grc' dir='ltr'>’ἔ</span> <span class='ocrx_word' id='word_1_83' title='bbox 1216 1853 1245 1875; x_wconf 87' lang='grc'>”</span> 
     </span>
    </p>

    <p class='ocr_par' dir='ltr' id='par_1_11' title="bbox 392 1937 1413 2086">
     <span class='ocr_line' id='line_1_19' title="bbox 392 1937 1413 2000; baseline -0.001 -13"><span class='ocrx_word' id='word_1_84' title='bbox 392 1938 458 1987; x_wconf 92' lang='lat' dir='ltr'>Ut</span> <span class='ocrx_word' id='word_1_85' title='bbox 480 1939 584 1987; x_wconf 88' lang='lat' dir='ltr'>haec</span> <span class='ocrx_word' id='word_1_86' title='bbox 607 1938 832 1986; x_wconf 87' lang='lat' dir='ltr'>trementi</span> <span class='ocrx_word' id='word_1_87' title='bbox 856 1947 1053 2000; x_wconf 90' lang='lat' dir='ltr'>questus</span> <span class='ocrx_word' id='word_1_88' title='bbox 1076 1954 1172 1997; x_wconf 82' lang='lat' dir='ltr'>ore,</span> <span class='ocrx_word' id='word_1_89' title='bbox 1199 1937 1413 1986; x_wconf 83' lang='lat' dir='ltr'>constitit</span> 
     </span>
     <span class='ocr_line' id='line_1_20' title="bbox 657 2022 1265 2086; baseline -0.002 -16"><span class='ocrx_word' id='word_1_90' title='bbox 657 2023 937 2086; x_wconf 82' lang='lat' dir='ltr'>Insignibus</span> <span class='ocrx_word' id='word_1_91' title='bbox 961 2022 1107 2085; x_wconf 82' lang='lat' dir='ltr'>raptis</span> <span class='ocrx_word' id='word_1_92' title='bbox 1131 2038 1265 2085; x_wconf 91' lang='lat' dir='ltr'>puer,</span> 
     </span>
    </p>

    <p class='ocr_par' dir='ltr' id='par_1_12' title="bbox 392 2105 1377 2253">
     <span class='ocr_line' id='line_1_21' title="bbox 392 2105 1331 2170; baseline -0.002 -15"><span class='ocrx_word' id='word_1_93' title='bbox 392 2107 593 2170; x_wconf 90' lang='lat' dir='ltr'>Impube</span> <span class='ocrx_word' id='word_1_94' title='bbox 618 2123 805 2169; x_wconf 88' lang='lat' dir='ltr'>corpus,</span> <span class='ocrx_word' id='word_1_95' title='bbox 833 2106 974 2169; x_wconf 86' lang='lat' dir='ltr'>quale</span> <span class='ocrx_word' id='word_1_96' title='bbox 998 2115 1159 2168; x_wconf 90' lang='lat' dir='ltr'>posset</span> <span class='ocrx_word' id='word_1_97' title='bbox 1183 2105 1331 2169; x_wconf 85' lang='lat' dir='ltr'>impia</span> 
     </span>
     <span class='ocr_line' id='line_1_22' title="bbox 656 2190 1377 2253; baseline -0.003 -14"><span class='ocrx_word' id='word_1_98' title='bbox 656 2190 846 2239; x_wconf 86' lang='lat' dir='ltr'>Mollire</span> <span class='ocrx_word' id='word_1_99' title='bbox 872 2191 1121 2237; x_wconf 86' lang='lat' dir='ltr'>Thracum</span> <span class='ocrx_word' id='word_1_100' title='bbox 1146 2199 1377 2253; x_wconf 82' lang='lat' dir='ltr'>pectora3</span> 
     </span>
    </p>

    <p class='ocr_par' dir='ltr' id='par_1_13' title="bbox 389 2274 1405 2421">
     <span class='ocr_line' id='line_1_23' title="bbox 389 2274 1330 2338; baseline -0.004 -13"><span class='ocrx_word' id='word_1_101' title='bbox 389 2276 614 2332; x_wconf 83' lang='lat' dir='ltr'>Canidia,</span> <span class='ocrx_word' id='word_1_102' title='bbox 641 2275 864 2323; x_wconf 89' lang='lat' dir='ltr'>brevibus</span> <span class='ocrx_word' id='word_1_103' title='bbox 888 2275 1132 2338; x_wconf 86' lang='lat' dir='ltr'>implicata</span> <span class='ocrx_word' id='word_1_104' title='bbox 1155 2274 1330 2338; x_wconf 79' lang='lat' dir='ltr'>viperis</span> 
     </span>
     <span class='ocr_line' id='line_1_24' title="bbox 654 2359 1405 2421; baseline -0.004 -14"><span class='ocrx_word' id='word_1_105' title='bbox 654 2359 827 2407; x_wconf 89' lang='lat' dir='ltr'>Crines</span> <span class='ocrx_word' id='word_1_106' title='bbox 851 2367 899 2405; x_wconf 89' lang='lat' dir='ltr'>et</span> <span class='ocrx_word' id='word_1_107' title='bbox 924 2359 1221 2421; x_wconf 87' lang='lat' dir='ltr'>incomptum</span> <span class='ocrx_word' id='word_1_108' title='bbox 1247 2365 1405 2421; x_wconf 90' lang='lat' dir='ltr'>caput,</span> 
     </span>
    </p>

    <p class='ocr_par' dir='ltr' id='par_1_14' title="bbox 388 2442 1341 2589">
     <span class='ocr_line' id='line_1_25' title="bbox 388 2442 1273 2506; baseline -0.005 -14"><span class='ocrx_word' id='word_1_109' title='bbox 388 2444 418 2492; x_wconf 85' lang='lat' dir='ltr'><strong>J</strong></span> <span class='ocrx_word' id='word_1_110' title='bbox 423 2444 535 2493; x_wconf 91' lang='lat' dir='ltr'>ubet</span> <span class='ocrx_word' id='word_1_111' title='bbox 558 2443 793 2491; x_wconf 57' lang='lat' dir='ltr'>sepulcris</span> <span class='ocrx_word' id='word_1_112' title='bbox 819 2442 1071 2506; x_wconf 82' lang='lat' dir='ltr'>caprificos</span> <span class='ocrx_word' id='word_1_113' title='bbox 1096 2451 1273 2502; x_wconf 86' lang='lat' dir='ltr'>erutas,</span> 
     </span>
     <span class='ocr_line' id='line_1_26' title="bbox 651 2526 1341 2589; baseline -0.003 -15"><span class='ocrx_word' id='word_1_114' title='bbox 651 2527 681 2574; x_wconf 90' lang='lat' dir='ltr'><strong>J</strong></span> <span class='ocrx_word' id='word_1_115' title='bbox 686 2528 800 2574; x_wconf 92' lang='lat' dir='ltr'>ubet</span> <span class='ocrx_word' id='word_1_116' title='bbox 824 2543 1076 2589; x_wconf 83' lang='lat' dir='ltr'>cupressos</span> <span class='ocrx_word' id='word_1_117' title='bbox 1098 2526 1341 2582; x_wconf 87' lang='lat' dir='ltr'>funebres,</span> 
     </span>
    </p>

    <p class='ocr_par' dir='ltr' id='par_1_15' title="bbox 387 2609 1433 2757">
     <span class='ocr_line' id='line_1_27' title="bbox 387 2609 1335 2673; baseline -0.004 -14"><span class='ocrx_word' id='word_1_118' title='bbox 387 2611 451 2659; x_wconf 86' lang='lat' dir='ltr'>Et</span> <span class='ocrx_word' id='word_1_119' title='bbox 473 2620 621 2659; x_wconf 86' lang='lat' dir='ltr'>uncta</span> <span class='ocrx_word' id='word_1_120' title='bbox 644 2611 794 2673; x_wconf 90' lang='lat' dir='ltr'>turpis</span> <span class='ocrx_word' id='word_1_121' title='bbox 818 2626 907 2657; x_wconf 84' lang='lat' dir='ltr'>ova</span> <span class='ocrx_word' id='word_1_122' title='bbox 930 2626 1061 2657; x_wconf 85' lang='lat' dir='ltr'>ranae</span> <span class='ocrx_word' id='word_1_123' title='bbox 1081 2609 1335 2672; x_wconf 85' lang='lat' dir='ltr'>sanguine,</span> 
     </span>
     <span class='ocr_line' id='line_1_28' title="bbox 649 2692 1433 2757; baseline -0.001 -16"><span class='ocrx_word' id='word_1_124' title='bbox 649 2694 962 2756; x_wconf 88' lang='lat' dir='ltr'>Plumamque</span> <span class='ocrx_word' id='word_1_125' title='bbox 987 2702 1233 2741; x_wconf 87' lang='lat' dir='ltr'>nocturnae</span> <span class='ocrx_word' id='word_1_126' title='bbox 1259 2692 1433 2757; x_wconf 86' lang='lat' dir='ltr'>strigis,</span> 
     </span>
    </p>

    <p class='ocr_par' dir='ltr' id='par_1_16' title="bbox 386 2777 1338 2916">
     <span class='ocr_line' id='line_1_29' title="bbox 386 2777 1338 2842; baseline -0.002 -15"><span class='ocrx_word' id='word_1_127' title='bbox 386 2778 669 2842; x_wconf 84' lang='lat' dir='ltr'>Herbasque</span> <span class='ocrx_word' id='word_1_128' title='bbox 694 2795 811 2840; x_wconf 80' lang='lat' dir='ltr'>quas</span> <span class='ocrx_word' id='word_1_129' title='bbox 836 2778 993 2826; x_wconf 88' lang='lat' dir='ltr'>Iolcos</span> <span class='ocrx_word' id='word_1_130' title='bbox 1018 2787 1157 2840; x_wconf 84' lang='lat' dir='ltr'>atque</span> <span class='ocrx_word' id='word_1_131' title='bbox 1178 2777 1338 2825; x_wconf 87' lang='lat' dir='ltr'>Iberia</span> 
     </span>
     <span class='ocr_line' id='line_1_30' title="bbox 649 2860 1294 2916; baseline -0.003 -8"><span class='ocrx_word' id='word_1_132' title='bbox 649 2861 802 2908; x_wconf 86' lang='lat' dir='ltr'>Mittit</span> <span class='ocrx_word' id='word_1_133' title='bbox 826 2877 1120 2908; x_wconf 88' lang='lat' dir='ltr'>venenorum</span> <span class='ocrx_word' id='word_1_134' title='bbox 1146 2860 1294 2916; x_wconf 85' lang='lat' dir='ltr'>ferax,</span> 
     </span>
    </p>

    <p class='ocr_par' dir='ltr' id='par_1_17' title="bbox 381 2944 1326 3076">
     <span class='ocr_line' id='line_1_31' title="bbox 381 2944 1299 3008; baseline -0.003 -15"><span class='ocrx_word' id='word_1_135' title='bbox 381 2944 445 2994; x_wconf 85' lang='lat' dir='ltr'>Et</span> <span class='ocrx_word' id='word_1_136' title='bbox 467 2961 575 2993; x_wconf 85' lang='lat' dir='ltr'>ossa</span> <span class='ocrx_word' id='word_1_137' title='bbox 599 2946 658 2992; x_wconf 84' lang='lat' dir='ltr'>ab</span> <span class='ocrx_word' id='word_1_138' title='bbox 682 2961 763 2992; x_wconf 91' lang='lat' dir='ltr'>ore</span> <span class='ocrx_word' id='word_1_139' title='bbox 787 2954 925 3008; x_wconf 83' lang='lat' dir='ltr'>rapta</span> <span class='ocrx_word' id='word_1_140' title='bbox 943 2945 1122 3008; x_wconf 88' lang='lat' dir='ltr'>jejunae</span> <span class='ocrx_word' id='word_1_141' title='bbox 1147 2944 1299 3000; x_wconf 85' lang='lat' dir='ltr'>caniS,</span> 
     </span>
     <span class='ocr_line' id='line_1_32' title="bbox 646 3027 1326 3076; baseline -0.003 0"><span class='ocrx_word' id='word_1_142' title='bbox 646 3028 878 3076; x_wconf 86' lang='lat' dir='ltr'>Flammis</span> <span class='ocrx_word' id='word_1_143' title='bbox 903 3028 1039 3076; x_wconf 89' lang='lat' dir='ltr'>aduri</span> <span class='ocrx_word' id='word_1_144' title='bbox 1064 3027 1326 3076; x_wconf 83' lang='lat' dir='ltr'>Colchicis.</span> 
     </span>
    </p>
   </div>
   <div class='ocr_carea' id='block_1_10' title="bbox 1682 1854 1743 1901">
    <p class='ocr_par' dir='ltr' id='par_1_18' title="bbox 1682 1854 1743 1901">
     <span class='ocr_line' id='line_1_33' title="bbox 1682 1854 1743 1901; baseline 0 0"><span class='ocrx_word' id='word_1_145' title='bbox 1682 1854 1743 1901; x_wconf 88' lang='grc'>10</span> 
     </span>
    </p>
   </div>
   <div class='ocr_carea' id='block_1_11' title="bbox 1678 2274 1739 2320">
    <p class='ocr_par' dir='ltr' id='par_1_19' title="bbox 1678 2274 1739 2320">
     <span class='ocr_line' id='line_1_34' title="bbox 1678 2274 1739 2320; baseline 0 0"><span class='ocrx_word' id='word_1_146' title='bbox 1678 2274 1739 2320; x_wconf 82' lang='grc'>15</span> 
     </span>
    </p>
   </div>
   <div class='ocr_carea' id='block_1_12' title="bbox 1668 2692 1735 2741">
    <p class='ocr_par' dir='ltr' id='par_1_20' title="bbox 1668 2692 1735 2741">
     <span class='ocr_line' id='line_1_35' title="bbox 1668 2692 1735 2741; baseline 0.015 -1"><span class='ocrx_word' id='word_1_147' title='bbox 1668 2692 1735 2741; x_wconf 80' lang='lat'>20</span> 
     </span>
    </p>
   </div>
  </div>
 </body>
</html>
