1894 3188
571 113 979 155 EPISTOLARUM
1006 114 1112 153 LIB.
1142 114 1201 154 11.
1593 121 1698 171 229

154 243 218 292 Et
241 242 541 291 formidatam
567 240 755 288 Parthis
779 249 826 288 te
849 241 1066 303 principe
1092 240 1300 288 Romam
1322 258 1333 299 ;

154 328 224 384 Si,
249 336 480 389 quantum
521 341 761 388 cuperem,
799 342 988 388 possem
1025 341 1244 388 quoque:
1292 327 1377 373 sed
1413 341 1568 390 neque
1590 343 1696 392 par-

286 427 397 457 vum

156 494 364 541 Carmen
389 493 612 556 majestas
635 493 806 555 recipit
829 501 926 548 tua,
954 509 1047 540 nec
1070 509 1206 540 meus
1231 493 1378 540 audet

154 578 282 625 Rem
307 586 489 625 tentare
513 578 680 639 pudor,
705 593 848 638 quam
872 577 994 624 vires
1020 578 1142 624 ferre
1168 586 1408 627 recusent.

157 662 400 710 Sedulitas
425 670 601 718 autem,
629 662 769 708 stulte
795 678 936 723 quem
961 662 1130 725 diligit,
1156 671 1311 725 urget,
1601 663 1699 711 260

157 745 401 809 Praecipue
427 763 572 808 quum
597 762 647 793 se
672 746 885 793 numeris
907 749 1212 794 commendat
1235 755 1284 793 et
1303 754 1402 794 arte
1424 763 1433 794 :

157 830 315 877 Discit
338 830 466 877 enim
491 830 632 877 citius
656 830 967 894 meminitque
992 831 1218 878 libentius
1243 831 1360 878 illud

154 913 304 965 Quod
328 915 431 976 quis
456 915 655 971 deridet,
681 914 823 977 quam
847 917 972 978 quod
997 917 1166 980 probat
1190 924 1238 963 et
1266 923 1533 963 veneratur.

156 997 241 1045 Nil
265 1014 419 1046 moror
443 999 652 1046 officium
676 1000 801 1060 quod
827 1016 902 1046 me
928 1009 1092 1062 gravat
1112 1017 1123 1046 ε
1161 1016 1219 1048 ac
1242 1016 1397 1064 neque
1422 1000 1535 1049 ficto

157 1080 217 1150 In
240 1082 375 1145 pejus
400 1083 531 1129 vultu
556 1084 753 1144 proponi
779 1099 947 1130 cereus
971 1100 1188 1146 usquam,
1600 1083 1701 1132 265

159 1164 269 1213 Nec
291 1165 431 1228 prave
458 1167 594 1214 factis
620 1168 833 1214 decorari
857 1168 1071 1214 versibus
1095 1177 1238 1231 Opt0⁷3

156 1248 235 1296 Ne
258 1251 453 1297 rubeam
477 1251 644 1314 pingui
670 1253 872 1299 donatus
896 1268 1112 1308 munere,
1138 1261 1186 1300 et
1210 1253 1309 1301 una

156 1332 282 1380 Cum
307 1335 534 1396 scriptore
560 1352 682 1391 meo,
709 1338 853 1398 capsa
878 1345 1127 1398 porrectus
1153 1339 1331 1399 aperta,

157 1416 358 1466 Deferar
383 1419 431 1464 in
457 1419 615 1466 vicum
640 1421 927 1467 vendentem
952 1422 1061 1467 thus
1086 1429 1133 1467 et
1156 1422 1341 1477 odores,

157 1500 220 1547 Et
242 1501 390 1565 piper,
417 1510 464 1549 et
487 1503 716 1565 quidquid
741 1503 917 1551 chartis
942 1504 1163 1552 amicitur
1188 1504 1376 1568 ineptis,
1595 1506 1695 1556 270

669 1949 1013 1997 EPISTOLA
1049 1950 1117 1997 ΙΙ.

636 2114 702 2146 AD
726 2116 747 2146 J
752 2115 909 2147 ULIUM
933 2116 1150 2148 FLORUM.

160 2250 345 2308 mez,
372 2249 495 2296 bono
518 2249 739 2311 claroque
764 2249 916 2296 fidelis
939 2250 1093 2297 amice
1118 2249 1320 2308 Neroni,

160 2335 214 2382 Si
239 2334 343 2396 quis
367 2333 482 2380 forte
508 2333 619 2380 velit
642 2350 841 2396 puerum
866 2334 952 2381 tibi
976 2335 1200 2393 vendere,
1225 2343 1391 2384 natum

158 2418 343 2466 Tibure
368 2419 440 2465 vel
465 2418 644 2477 Gabiis,
670 2427 717 2465 et
740 2427 900 2466 tecum
925 2419 995 2466 sic
1020 2428 1160 2483 agat:
1200 2428 1230 2450 “
1248 2420 1360 2481 Hic,
1386 2429 1435 2469 et

158 2502 408 2550 Candidus
431 2511 479 2549 et
503 2503 620 2550 talos
644 2518 672 2549 a
694 2503 870 2550 vertice
894 2504 1094 2566 pulcher
1118 2504 1178 2551 ad
1202 2503 1336 2564 imos,

157 2585 267 2634 Fiet
290 2587 469 2650 eritque
493 2595 605 2633 tuus
629 2602 933 2634 nummorum
957 2588 1167 2635 millibus
1190 2596 1314 2648 octo,
1665 2593 1697 2639 5

157 2670 322 2718 Verna
345 2670 620 2718 ministeriis
645 2671 704 2717 ad
728 2679 872 2718 nutus
897 2680 1033 2734 aptus
1057 2672 1246 2732 heriles,

157 2752 403 2801 Litterulis
426 2755 610 2802 Graecis
634 2754 859 2814 imbutus,
887 2755 1090 2803 idoneus
1115 2755 1204 2803 arti

157 2836 369 2886 Cuilibet
389 2856 399 2897 3
437 2839 602 2902 argilla
625 2838 810 2901 quidvis
835 2839 1095 2887 imitaberis
1120 2840 1247 2887 uda:

155 2919 294 2972 Quin
318 2923 460 2970 etiam
485 2932 627 2971 canet
650 2924 913 2981 indoctum,
939 2925 1023 2971 sed
1048 2923 1203 2984 dulce,
1229 2922 1429 2973 bibenti.

156 3002 312 3053 Multa
333 3006 475 3055 fidem
498 3008 729 3071 promissa
750 3007 923 3069 levant,
948 3008 1031 3056 ubi
1053 3006 1243 3073 plenius
1265 3023 1400 3073 aequo
1632 3009 1695 3056 1⁰

512 3092 578 3139 20
