1894 3188
183 102 292 155 232
725 100 774 146 Q.
803 99 1045 139 HORATII
1072 100 1279 142 FLACCI

251 224 369 274 Rite
394 225 546 273 cliens
570 216 756 273 Bacchi
783 242 949 273 somno
972 227 1228 289 gaudentis
1251 237 1300 276 et
1322 231 1491 278 umbra
1511 248 1523 279 :

252 309 335 357 Tu
360 326 436 357 me
460 310 585 358 inter
609 310 834 372 strepitus
859 319 1120 358 nocturnos
1143 321 1284 375 atque
1309 314 1506 362 diurnos

249 394 339 442 Vis
363 411 555 452 canere,
581 404 629 442 et
653 404 900 442 contracta
924 397 1057 458 sequi
1081 399 1282 461 vestigia
1305 402 1508 447 vatum?
1737 403 1803 451 80

249 478 527 543 Ingenium,
554 480 644 527 sibi
668 480 793 542 quod
820 496 998 527 vacuas
1022 481 1289 545 desumpsit
1313 484 1548 546 Athenas,

245 561 314 612 Et
338 565 508 612 studiis
534 581 685 612 annos
710 573 892 628 septem
918 565 1063 624 dedit,
1089 566 1396 630 insenuitque

245 648 407 698 Libris
431 658 480 696 et
503 650 646 709 curis,
673 651 828 696 statua
853 650 1140 697 taciturnius
1172 653 1271 699 exit

243 733 549 796 Plerumque,
575 742 625 780 et
647 734 745 781 risu
770 735 999 797 populum
1024 735 1177 796 quatit
1198 753 1208 781 :
1247 736 1326 783 hic
1351 752 1458 800 ego,
1485 753 1647 785 rerum

244 817 501 865 Fluctibus
525 819 575 865 iu
599 819 772 865 mediis
796 803 844 866 et
867 819 1231 882 tempestatibus
1251 820 1399 876 urbis,
1733 821 1800 869 85

240 903 406 951 Verba
428 904 541 966 lyrae
565 912 753 951 motura
777 920 948 951 sonum
975 913 1265 952 connectere
1286 906 1494 968 digner?

307 989 478 1036 Frater
503 998 605 1036 erat
629 989 802 1036 Rornae
827 989 1033 1037 consulti
1059 990 1234 1048 rhetor,
1261 999 1313 1036 ut
1333 990 1451 1037 alter

240 1073 455 1120 Alterius
481 1090 701 1121 sermone
728 1091 884 1121 meros
910 1075 1099 1121 audiret
1125 1075 1359 1131 honores3

241 1157 495 1204 Gracchus
519 1154 581 1205 ut¹
597 1159 676 1205 hic
702 1158 769 1205 illi
796 1159 930 1218 foret,
959 1158 1072 1205 huic
1098 1167 1150 1205 ut
1175 1158 1371 1205 Mucius
1396 1158 1490 1205 ille.

236 1241 343 1293 Qui
369 1242 529 1289 minus
554 1252 748 1306 argutos
773 1252 912 1290 vexat
938 1244 1064 1290 furor
1090 1243 1178 1290 iste
1203 1247 1370 1305 poetas
1392 1245 1410 1288 ’ἒ
1733 1244 1799 1291 90

235 1326 468 1374 Carmina
486 1343 737 1390 compono,
766 1329 846 1375 hic
871 1328 1032 1391 elegos
1054 1345 1064 1374 :
1102 1328 1320 1375 mirabile
1347 1328 1465 1387 visu,

235 1409 568 1473 Caelatumque
594 1430 766 1460 novem
793 1413 952 1459 Musis
976 1429 1110 1475 opus.
1182 1413 1364 1474 Aspice
1389 1410 1598 1474 primum

233 1493 437 1545 Quanto
463 1512 573 1542 cum
601 1497 738 1556 fastu,
766 1506 945 1558 quanto
969 1497 1215 1543 molimine
1241 1497 1447 1542 circum-

234 1588 508 1642 spectemus
533 1597 735 1628 vacuam
763 1582 1001 1628 Romanis
1029 1582 1213 1627 vatibus
1239 1582 1406 1626 aedern.

233 1662 353 1712 Mox
376 1665 538 1720 etiam,
566 1665 605 1710 Si
631 1666 748 1710 sort&
775 1682 931 1720 vacas,
959 1682 1171 1723 sequere,
1198 1674 1245 1707 et
1269 1664 1434 1723 procul
1461 1663 1574 1709 audi
1725 1663 1792 1711 95

235 1746 374 1800 Quid
400 1748 521 1794 ferat
544 1757 592 1794 et
616 1763 762 1809 quare
789 1747 879 1792 sibi
906 1754 1069 1792 nectat
1094 1754 1293 1806 uterque
1320 1761 1563 1793 coronam.

233 1832 495 1891 Caedimur,
522 1841 569 1878 et
595 1831 793 1878 totidem
818 1830 974 1892 plagis
999 1829 1329 1875 consumimus
1354 1830 1555 1889 hostem,

235 1917 392 1965 Lento
419 1916 662 1964 Samnites
689 1916 748 1961 ad
775 1915 958 1960 lumina
982 1914 1135 1976 prima
1159 1914 1333 1960 duello.

235 2002 449 2049 Discedo
475 2002 672 2048 Alcaeus
695 2008 877 2062 puncto
902 1999 1028 2045 illius
1049 2016 1059 2056 3
1099 1998 1176 2044 ille
1202 2015 1309 2045 meo
1333 1999 1472 2060 quis?

232 2087 379 2146 Quis,
405 2086 497 2132 nisi
524 2085 885 2132 Callimachus?
923 2083 962 2129 si
986 2083 1092 2146 plus
1117 2083 1376 2144 adposcere
1402 2083 1546 2139 visus,
1698 2084 1793 2131 100

234 2171 316 2218 Fit
341 2171 675 2228 Mimnermus,
702 2177 750 2215 et
773 2168 932 2231 optivo
957 2167 1245 2230 cognomine
1271 2167 1460 2213 crescit.

233 2254 392 2302 Multa
417 2255 530 2314 sero,
557 2263 610 2300 ut
633 2254 820 2316 placem
845 2268 999 2314 genus
1024 2251 1253 2298 irritabile
1280 2260 1457 2306 vatum,

233 2341 403 2391 Quum
429 2341 585 2386 scribo
609 2348 656 2385 et
681 2339 881 2400 supplex
904 2337 1065 2399 populi
1091 2337 1323 2399 suffragia
1347 2344 1487 2398 capto
1509 2352 1519 2381 ε

237 2424 388 2483 Idem,
416 2424 564 2471 finitis
589 2423 760 2470 studiis
784 2431 833 2468 et
858 2435 1018 2468 mente
1043 2422 1255 2483 recepta,

235 2509 473 2556 Obturem
497 2508 683 2570 patulas
709 2506 902 2569 impune
929 2506 1201 2569 legentibus
1227 2521 1380 2552 aures.
1692 2505 1788 2551 105

301 2593 546 2639 Ridentur
573 2592 698 2638 mala
721 2591 802 2652 qui
827 2599 1124 2653 componunt
1149 2590 1363 2636 carmina
1384 2605 1394 2634 :
1432 2587 1597 2635 verum

238 2677 467 2724 Gaudent
491 2677 771 2733 scribentes,
799 2684 846 2722 et
871 2692 920 2721 se
946 2684 1250 2729 venerantur,
1277 2683 1325 2720 et
1350 2673 1487 2731 ultro,

238 2760 293 2807 Si
317 2769 494 2816 taceas,
520 2761 734 2815 laudant,
760 2760 990 2821 quidquid
1018 2759 1264 2820 scripsere,
1291 2756 1433 2804 beati.

238 2844 320 2902 At,
345 2844 425 2905 qui
450 2844 716 2905 legitimum
741 2843 904 2905 cupiet
929 2843 1100 2889 fecisse
1124 2845 1314 2904 poema,

239 2927 363 2974 Cum
391 2927 564 2972 tabulis
591 2922 804 2973 animum
829 2927 1042 2974 censoris
1067 2934 1222 2972 sumet
1247 2924 1463 2981 honesti3
1689 2924 1784 2971 110

238 3010 454 3059 Audebit
477 3026 773 3073 quaecunque
797 3027 962 3074 parum
989 3009 1253 3073 splendoris
1279 3008 1538 3063 habebunt,
