1894 3188
566 121 897 162 SATIRARUM
931 121 1038 171 LIB.
1069 121 1124 160 ΙΙ.
1552 122 1649 172 179

637 314 902 363 sATIRA
943 277 1062 363 vn.

766 459 936 487 DAVUS.

116 521 147 569 J
151 535 404 570 AMDUDUM
428 518 644 567 ausculto
664 535 675 578 ;
713 526 777 576 et,
803 519 1005 582 cupiens
1027 517 1114 566 tibi
1139 517 1300 566 dicere
1324 533 1487 567 servus

117 606 294 662 Pauca,
319 603 589 653 reformido.

723 680 980 708 HORATIUS.
1032 720 1045 730 .

675 740 904 788 Davusne
924 742 944 787 ‘l

773 835 941 864 DAVUS.

993 894 1087 951 Ita,
1114 895 1292 955 Davus,
1318 895 1527 944 amicum

120 980 422 1044 Mancipium
448 981 656 1041 domino,
681 988 730 1028 et
753 980 895 1044 frugi,
921 981 1047 1043 quod
1072 980 1133 1027 sit
1155 979 1286 1038 satis,
1312 981 1405 1030 hoc
1428 988 1515 1040 est,

119 1066 183 1114 Ut
207 1065 347 1113 vitale
371 1074 524 1129 puteS.

730 1160 985 1188 HORATIUS.

631 1220 754 1282 Age,
781 1220 999 1267 libertate
1024 1218 1300 1279 Decembri,

119 1303 334 1355 Quando
358 1304 426 1350 ita
449 1303 651 1367 majores
674 1304 939 1362 voluerunt,
965 1312 1129 1362 utere3
1166 1319 1324 1351 narra.
1632 1306 1666 1353 5

779 1398 946 1427 DAVUS.

123 1458 239 1506 Pars
263 1458 511 1505 hominum
535 1458 660 1505 vitiis
685 1458 864 1521 gaudet
887 1466 1179 1514 constanter,
1205 1465 1254 1505 et
1276 1466 1417 1523 urget

123 1541 423 1605 Propositum
443 1559 455 1589 :
491 1558 599 1605 pars
623 1543 772 1589 multa
794 1550 940 1601 natat,
967 1540 1108 1589 modo
1134 1550 1268 1589 recta
1290 1558 1561 1607 capessens,

124 1625 374 1674 Interdum
397 1626 553 1690 pravis
577 1626 799 1674 obnoxia.
870 1625 1010 1689 Saepe
1036 1634 1230 1674 notatus

124 1710 251 1759 Cum
274 1711 425 1758 tribus
449 1711 666 1771 annellis,
692 1709 834 1758 modo
859 1711 975 1758 laeva
993 1710 1194 1774 ,Priscus
1219 1710 1369 1768 inani,

126 1795 260 1842 Vixit
282 1795 544 1858 inaequalis,
571 1796 758 1844 clavum
782 1804 836 1843 ut
859 1804 1068 1842 mutaret
1092 1795 1142 1842 in
1167 1796 1338 1853 horas3
1609 1796 1670 1844 10

130 1879 334 1927 AEdibus
358 1896 418 1927 ex
440 1881 628 1944 magnis
652 1879 810 1927 subito
836 1896 887 1927 se
911 1880 1154 1938 conderet,
1180 1879 1312 1927 unde

130 1962 359 2011 Mundior
383 1963 534 2011 exiret
557 1964 636 2012 vix
659 1964 910 2010 libertinus
936 1961 1154 2010 honeste.

131 2046 160 2093 J
164 2062 241 2094 am
264 2049 480 2094 moechus
504 2047 690 2106 Romae,
712 2047 812 2109 jam
837 2046 998 2092 mallet
1021 2046 1187 2093 doctor
1211 2044 1420 2094 Athenis

135 2131 326 2191 Vivere,
351 2131 647 2186 Vertumnis,
673 2138 900 2192 quotquot
923 2137 1050 2185 sunt,
1076 2138 1216 2176 natus
1237 2129 1428 2193 iniquis.

134 2216 312 2262 Scurra
335 2215 638 2270 Volanerius,
663 2222 913 2276 postquam
938 2213 1005 2260 illi
1025 2213 1154 2277 justa
1177 2213 1398 2279 chiragra
1613 2217 1674 2266 15

132 2299 365 2347 Contudit
389 2299 630 2357 articulos,
656 2298 736 2360 qui
759 2313 844 2360 pro
869 2313 919 2344 se
943 2297 1130 2344 tolleret
1154 2306 1295 2360 atque

131 2382 350 2430 Mitteret
373 2382 422 2430 in
446 2383 662 2446 phimum
685 2381 824 2438 talos,
849 2381 1072 2428 mercede
1098 2381 1270 2428 diurna

133 2467 441 2515 Conductum
464 2467 595 2530 pavit
615 2483 627 2512 z
662 2463 841 2528 quanto
866 2465 1160 2513 constantior
1183 2465 1313 2514 idem

135 2550 195 2598 In
214 2551 357 2608 vitiis,
382 2549 515 2598 tanto
540 2549 689 2598 levitis
713 2550 871 2609 miser,
898 2566 958 2597 ac
980 2550 1107 2613 prior
1134 2550 1216 2597 illo

134 2634 239 2686 Qui
258 2636 358 2699 jam
381 2643 622 2694 contento,
645 2634 744 2698 jam
767 2633 891 2690 laxo,
918 2634 1032 2681 fune
1055 2634 1255 2682 laborat.
1612 2639 1677 2687 20

745 2728 1000 2756 HORATIUS.

135 2787 250 2837 Non
275 2789 408 2837 dices
432 2789 574 2838 hodie
597 2805 822 2852 quorsum
845 2789 951 2836 haec
974 2797 1074 2836 tam
1096 2788 1264 2853 putida
1285 2789 1501 2848 tendant,

137 2871 357 2922 Furcifer
383 2875 401 2921 Τ

791 2967 957 2996 DAVUS.

484 3028 565 3076 Ad
588 3037 650 3088 te,
676 3028 886 3091 inquam.
