1894 3188
152 95 249 144 128
672 92 723 140 Q.
752 92 993 134 HORATII
1020 95 1226 136 FLACCI

276 218 445 270 Quum
469 228 804 282 prorepserunt
826 220 989 283 primis
1014 222 1237 270 animalia
1261 222 1415 280 terris,

210 302 405 351 Mutum
428 311 477 350 et
491 311 626 366 turpe
641 320 805 366 pecuS,
821 305 1042 367 glandem
1063 314 1204 368 atque
1225 306 1400 354 cubilia
1416 315 1622 370 propter,
1650 309 1744 357 100

210 386 463 450 Unguibus
485 396 533 435 et
555 388 742 451 pugniS‚
769 388 880 435 dein
905 389 1119 450 fustibus,
1147 404 1287 453 atque
1311 390 1377 438 ita
1407 391 1546 454 porro

210 471 494 534 Pugnabant
518 473 661 519 armis
684 489 787 534 quae
811 472 918 536 post
943 473 1255 522 fabricaverat
1279 491 1421 533 usus;

209 555 378 604 Donec
402 557 560 612 verba,
585 557 755 619 quibus
780 573 919 604 voces
942 574 1203 621 sensusque
1238 567 1473 618 notarent,

208 640 511 702 Nominaque
536 640 789 689 invenere:
826 641 1002 689 dehinc
1026 643 1254 690 absistere
1279 643 1419 700 bello,

207 724 399 787 Oppida
422 733 668 787 coeperunt
691 725 891 784 munire,
918 733 965 772 et
987 742 1163 788 ponere
1188 727 1334 790 leges,
1644 728 1738 775 105

207 808 285 856 Ne
309 808 412 870 quis
437 808 509 854 fur
533 817 670 867 esset,
696 825 791 855 neu
815 809 948 865 latro,
974 826 1068 856 neu
1088 811 1192 871 quis
1217 811 1414 858 adulter.

208 893 336 941 Nam
360 893 448 940 fuit
472 901 581 939 ante
607 893 846 940 Helenam
872 894 1039 940 mulier
1065 895 1306 942 teterrima
1329 896 1441 942 belli

205 977 394 1024 Causa:
432 978 515 1024 sed
540 977 714 1040 ignotis
736 977 979 1040 perierunt
1002 978 1231 1025 mortibus
1257 979 1343 1036 illi,

202 1061 345 1113 Quos
369 1062 608 1109 Venerem
633 1062 865 1109 incertam
884 1062 1137 1126 rapientes,
1163 1079 1293 1110 more
1318 1063 1538 1124 ferarum,

205 1146 400 1194 Viribus
424 1147 591 1194 editior
616 1147 842 1206 caedebat,
867 1155 919 1194 ut
943 1147 991 1194 in
1016 1164 1160 1211 grege
1194 1156 1371 1196 taurus.
1643 1148 1735 1195 110

203 1231 322 1278 Jura
345 1232 537 1279 inventa
560 1240 689 1279 metu
714 1232 876 1295 injusti
901 1232 1074 1280 fateare
1099 1249 1296 1280 necesse
1320 1241 1404 1292 est,

203 1315 444 1378 Tempora
467 1316 505 1362 si
530 1316 764 1378 fastosque
789 1316 903 1363 velis
926 1317 1140 1363 evolvere
1159 1316 1338 1363 mundi.

202 1397 312 1445 Nec
336 1406 504 1445 natura
521 1408 674 1461 potest
693 1400 820 1462 justo
844 1415 1094 1448 secernere
1120 1400 1348 1462 iniquum,

203 1481 386 1529 Dividit
409 1491 461 1528 ut
483 1483 608 1529 bona
632 1483 844 1538 diversis,
871 1483 1098 1546 fugienda
1120 1483 1352 1545 petendis.
1390 1483 1431 1542 Χ

202 1565 311 1613 Nec
334 1566 492 1613 vincet
515 1567 632 1613 ratio
656 1560 760 1624 Hoc,
786 1567 1065 1613 tantundem
1088 1575 1140 1614 ut
1162 1575 1331 1629 peccet
1353 1566 1577 1630 idemque
1638 1569 1730 1616 115

199 1649 304 1700 Qui
328 1658 516 1697 teneros
542 1651 703 1697 caules
727 1650 873 1697 alieni
898 1650 1093 1714 fregerit
1116 1651 1252 1710 horti,

201 1733 265 1780 Et
287 1733 366 1795 qui
391 1742 650 1781 nocturnus
674 1733 834 1781 divum
858 1750 992 1781 sacra
1015 1734 1196 1797 legerit.
1255 1725 1397 1782 Adsi‘t

198 1817 392 1880 Regula
414 1818 625 1880 peccatis
648 1835 750 1880 quae
775 1835 940 1881 poenas
965 1819 1335 1881 irrogetaequas,

197 1901 277 1948 Ne
302 1902 482 1949 scutica
507 1903 704 1965 dignum
729 1902 940 1949 horribili
965 1910 1147 1949 sectere
1173 1902 1373 1965 flagello.

197 1985 343 2041 Nam,
369 1994 421 2032 ut
445 1986 593 2032 ferula
618 1987 772 2033 caedas
798 1986 1014 2033 meritum
1041 1986 1219 2049 majora
1242 1986 1401 2033 subire
1635 1989 1728 2035 120

196 2069 425 2128 Verbera,
451 2086 546 2117 non
570 2086 763 2127 vereor3
799 2086 944 2132 quum
969 2070 1101 2117 dicas
1126 2086 1228 2117 esse
1254 2087 1390 2133 pares
1413 2086 1488 2118 res

195 2151 344 2199 Furta
366 2154 643 2210 latrociniis,
669 2163 717 2201 et
740 2154 929 2216 magnis
952 2170 1095 2216 parva
1121 2155 1314 2202 mineris

196 2236 346 2283 Falce
371 2237 635 2284 recisurum
661 2238 802 2284 simili
826 2246 889 2294 te,
916 2238 955 2284 si
979 2238 1064 2284 tibi
1089 2254 1290 2301 regnum

195 2320 479 2368 Permittant
504 2322 736 2369 homines.
807 2322 859 2369 Si
880 2322 1026 2378 dives,
1053 2323 1131 2384 qui
1157 2323 1345 2386 sapiens
1378 2331 1465 2379 est,

194 2404 256 2451 Et
281 2414 409 2452 sutor
433 2407 586 2452 bonus
609 2414 655 2453 et
680 2406 805 2453 solus
830 2406 1060 2453 formosus
1084 2415 1131 2453 et
1156 2415 1226 2453 est
1249 2422 1332 2453 rex
1352 2422 1365 2463 3
1623 2407 1724 2454 125

190 2487 293 2535 Cur
316 2498 449 2551 optas
473 2491 597 2552 quod
624 2490 768 2536 habes
787 2490 987 2537 ‘Z—Non
1006 2490 1131 2536 nosti
1152 2490 1262 2551 quid
1288 2498 1434 2553 pater,
1456 2490 1625 2552 inquit,

193 2570 487 2635 Chrysippus
511 2574 668 2620 dicat:
706 2573 894 2635 sapiens
919 2574 1136 2636 crepidas
1161 2574 1250 2620 sibi
1270 2589 1513 2636 nunquam

189 2655 302 2702 Nec
325 2657 477 2703 soleas
502 2657 614 2703 fecit
635 2673 647 2713 ς
684 2665 812 2703 sutor
836 2666 996 2703 tamen
1020 2666 1091 2704 est
1115 2656 1501 2719 sapiens—Quo
1521 2659 1606 2704 2-

189 2738 268 2798 Ut,
294 2740 506 2801 quamvis
531 2749 657 2787 tacet
683 2741 1028 2804 Hermogenes,
1054 2750 1220 2788 cantor
1244 2750 1404 2788 tamen
1429 2749 1568 2803 atque

187 2822 413 2885 Optimus
437 2833 508 2870 est
532 2825 822 2881 modulator3
859 2833 911 2871 ut
936 2825 1138 2871 Alfenus
1164 2824 1310 2881 vafer,·
1329 2824 1457 2872 omni
1630 2825 1722 2871 130

188 2905 394 2968 Abjecto
418 2907 733 2955 instrumento
757 2908 885 2964 artis,
907 2908 1160 2969 clausaque
1181 2909 1391 2966 taberna,

188 2990 330 3038 Sutor
354 2999 455 3037 erat
474 3007 485 3048 3
523 2990 712 3054 sapiens
736 2991 891 3054 operis
915 2992 984 3039 sic
1007 2992 1213 3054 optimus
1236 2991 1392 3040 omnis
