1894 3188
671 123 980 168 CARMINUM
1005 129 1110 174 LIB.
1141 134 1174 173 Ι.

391 244 597 294 Piscium
622 256 669 295 et
692 252 876 299 summa
899 269 1051 317 genus
1076 258 1210 308 haesit
1228 262 1369 323 ulmo,

388 328 516 377 Nota
537 346 640 393 quae
664 335 800 382 sedes
820 336 973 386 fuerat
996 342 1255 406 columbis;

386 411 449 460 Et
472 416 737 480 superjecto
760 422 940 482 pavidae
959 428 1183 477 natarunt

674 501 881 565 AEquore
906 508 1069 559 damae.

382 577 602 629 Vidimus
620 582 790 634 flavum
812 589 1045 651 Tiberim,
1066 599 1253 647 retortis

377 659 557 712 Littore
582 666 784 718 Etrusco
807 673 1035 726 violenter
1058 682 1214 743 undis,

377 743 456 793 Ire
478 747 717 813 dejectum
742 770 1050 809 monumenta
1072 766 1212 829 regis,

668 836 963 905 Templaque
987 846 1147 895 Vestae
1168 866 1179 896 :

373 912 474 960 lliae
497 916 610 965 dum
634 935 684 966 se
708 922 909 974 nimium
934 932 1150 990 querenti

373 994 531 1046 Jactat
554 1002 768 1062 ultorem,
794 1024 940 1072 vagus
963 1022 1010 1061 et
1034 1015 1225 1066 sinistra

371 1077 568 1131 Labitur
592 1086 707 1149 ripa,
733 1090 851 1139 Jove
875 1110 969 1143 non
987 1099 1231 1160 probante,
1252 1120 1303 1152 u-

660 1174 818 1222 xorius
843 1180 1009 1227 amnis.
1030 1230 1034 1233 ,

367 1246 547 1297 Audiet
570 1253 696 1301 cives
716 1259 899 1308 acuisse
924 1264 1098 1315 ferrum

363 1328 478 1380 Quo
500 1348 668 1396 graves
691 1339 848 1388 Persae
873 1347 1041 1395 melius
1065 1353 1274 1412 perirent
1293 1374 1307 1414 3

362 1412 542 1465 Audiet
563 1435 760 1484 pugnas,
783 1426 895 1474 vitio
912 1435 1166 1491 parentum

650 1505 796 1565 Rara,
817 1510 1156 1573 juventus-„2:⁷³²

356 1579 519 1632 Quem
542 1597 677 1636 vocet
700 1591 858 1641 divum
881 1601 1082 1661 populus
1113 1607 1292 1657 ruentis

357 1662 534 1728 Imperi
558 1671 733 1720 rebus?
766 1693 910 1739 prece
933 1685 1024 1744 qua
1050 1685 1249 1752 fatigent

354 1747 579 1814 Virgines
601 1767 781 1807 sanctae
807 1762 965 1813 minus
990 1770 1267 1824 audientem

643 1841 870 1896 Carmina
893 1849 1091 1902 Vestam
1109 1857 1128 1903 ⁶!

349 1914 443 1965 Cui
467 1919 597 1970 dabit
619 1935 776 1987 partes
799 1933 955 1982 scelus
979 1939 1203 2001 expiandi

346 1997 531 2063 Jupiter
551 2008 569 2052 Ἰ
605 2012 796 2061 tandem
822 2019 997 2080 venias,
1021 2037 1286 2089 precamur,

344 2081 488 2134 Nube
512 2093 772 2143 candentes
795 2099 1017 2151 humeros
1041 2108 1256 2170 amictUS,

636 2176 806 2241 Augur
831 2183 1015 2244 Apollo.

342 2247 452 2296 Sive
470 2259 526 2299 ,tu
551 2256 712 2313 mavis,
739 2259 947 2323 Erycina
970 2267 1144 2330 ridens,

337 2329 503 2381 Quam
527 2336 675 2386 Jocus
700 2342 1020 2409 circumvolat,
1046 2361 1094 2400 et
1118 2353 1320 2420 Cupido.

337 2414 448 2464 Sive
471 2421 742 2483 neglectum
766 2443 918 2490 genus
942 2443 989 2480 et
1013 2447 1210 2500 nepotes

623 2507 861 2574 Respicis,
894 2527 1073 2577 auctor,

331 2581 471 2631 Heu!
507 2588 650 2638 nimis
667 2593 810 2659 longo
834 2601 1004 2650 satiate
1027 2604 1156 2665 ludo,

326 2663 490 2717 Quem
508 2671 640 2734 juvat
664 2677 856 2738 clamor,
881 2686 1120 2751 galeaequ'e
1144 2691 1284 2756 leveS,

327 2747 457 2799 Acer
480 2762 528 2801 et
550 2755 708 2807 Mauri
732 2765 904 2825 peditis
928 2783 1180 2823 cruentum

615 2842 789 2894 Vultus
812 2848 861 2896 in
887 2851 1098 2904 hostem:

323 2915 434 2964 Sive
457 2925 641 2972 mutata
660 2927 883 2989 juvenem
908 2936 1073 3000 figura,

321 2997 451 3062 Ales,
475 3003 524 3052 in
550 3010 684 3058 terris
707 3013 921 3076 imitaris,
947 3022 1082 3072 almae

1684 149 1718 197 00
1701 109 1712 134 ι

1655 359 1774 434 ιο,

1644 781 1704 827 15

1544 1160 1697 1248 ’20

1618 1621 1687 1669 25

1612 2040 1676 2088 30

1600 2454 1662 2502 35

1586 2873 1651 2921 40
