1894 3188
625 20 645 49 N

588 133 903 175 CARMINUM
929 133 1036 173 LIB.
1067 135 1146 174 ΙΙΙ.

593 261 741 309 Certo
765 260 943 308 foedere
968 259 1177 319 castitas,

335 349 398 398 Et
420 363 623 413 peccare
647 347 798 408 nefas,
824 357 907 396 aut
927 347 1134 411 pretium
1159 347 1323 394 emori.

596 433 642 482 O
661 435 874 498 quisquis
897 435 1024 483 volet
1047 433 1217 497 impias

335 518 523 576 Caedes,
548 527 596 567 et
618 519 802 566 rabiem
825 520 990 567 tollere
1015 519 1236 577 civicam,

599 602 652 651 Si
676 612 856 666 quaeret
878 612 1012 667 pater
1035 601 1230 650 urbium

335 687 585 736 Subscribi
611 688 795 744 statuis,
821 687 1104 736 indomitam
1130 685 1305 733 audeat

602 771 884 818 Refraenare
909 770 1171 826 licentiam,

338 855 510 903 Clarus
532 855 817 918 postgenitis
838 872 849 901 ε
886 863 1136 916 quatenus,
1163 855 1258 901 heu
1282 854 1417 902 nefas
1439 852 1448 900 !

601 939 843 986 Virtutem
868 939 1160 986 incolumem
1183 938 1386 998 odimus,

343 1023 590 1072 Sublatam
615 1039 675 1070 ex
697 1023 850 1070 oculis
873 1023 1145 1084 quaerimus,
1172 1022 1338 1069 invidi.

605 1107 743 1158 Quid
768 1107 926 1154 tristes
947 1107 1272 1170 querimoniae,

345 1192 399 1240 Si
423 1208 519 1239 non
543 1191 776 1253 supplicio
800 1192 941 1253 culpa
964 1191 1193 1238 reciditur
1215 1192 1234 1236 ’ἔ

607 1274 743 1324 Quid
767 1275 915 1336 leges,
942 1275 1045 1321 sine
1071 1275 1282 1322 moribus

346 1360 514 1415 Vanae,
538 1357 831 1421 proficiunt?
868 1357 907 1404 si
931 1374 1087 1420 neque
1113 1358 1306 1406 fervidis

610 1442 726 1489 Pars
750 1442 937 1489 inclusa
960 1443 1198 1490 caloribus

346 1527 537 1584 Mundi,
563 1543 655 1574 nec
681 1526 844 1574 Boreae
868 1527 1125 1574 finitimum
1151 1527 1292 1584 latus,

613 1610 902 1673 Durataeque
928 1611 1027 1658 solo
1052 1611 1203 1668 nives,

352 1695 670 1743 Mercatorem
696 1695 935 1758 abigunt?
973 1695 1168 1742 horrida
1202 1696 1365 1743 callidi

614 1779 833 1826 Vincunt
858 1796 1045 1841 aequora
1069 1780 1240 1826 navitas
1262 1782 1280 1825 ἵ

351 1863 584 1927 Magnum
609 1864 860 1926 pauperies
883 1865 1189 1926 opprobrium
1210 1864 1346 1927 jubet

613 1948 823 1998 Quidvis
847 1958 895 1994 et
919 1949 1078 1995 facere
1104 1957 1152 1994 et
1170 1948 1284 2010 pati,

354 2031 650 2092 virtutisque
675 2032 797 2077 viam
824 2033 1043 2078 deserere
1070 2032 1230 2078 arduae
1252 2033 1270 2077 2²

621 2115 708 2161 Vel
732 2131 820 2161 nos
845 2115 893 2161 in
925 2115 1233 2177 Capitolium,

351 2197 470 2250 Quo
496 2199 676 2245 clamor
701 2207 842 2245 vocat
866 2207 913 2245 et
937 2199 1078 2245 turba
1103 2199 1379 2261 faventium,

617 2283 708 2329 Vel
734 2299 821 2330 nos
846 2283 895 2329 in
920 2299 1049 2330 mare
1074 2284 1342 2346 proximum

354 2368 596 2426 Gemmas,
623 2375 670 2413 et
695 2367 893 2429 lapideS,
920 2384 1087 2414 aurum
1113 2377 1161 2414 et
1185 2368 1370 2428 inutile,

622 2452 809 2498 Summi
833 2452 1081 2499 materiam
1106 2453 1236 2509 mali,

358 2535 622 2596 Mittamus‚
649 2536 884 2583 scelerum
904 2536 943 2583 si
969 2537 1092 2583 bene
1116 2537 1331 2599 poenitet.

622 2621 880 2668 Eradenda
903 2621 1144 2684 cupidinis

356 2705 495 2753 Pravi
519 2714 630 2752 sunt
653 2705 918 2762 elementa3
956 2714 1004 2752 et
1028 2713 1206 2752 tenerae
1235 2706 1379 2754 nimis

619 2790 815 2837 Mentes
840 2789 1157 2852 asperioribus

359 2873 645 2922 Formandae
671 2873 855 2921 studiis·
926 2873 1100 2921 Nescit
1123 2890 1246 2936 equo
1269 2875 1402 2923 rudis

618 2958 817 3004 Haerere
842 2957 1083 3020 ingenuus
1107 2975 1243 3020 puer,

360 3041 636 3104 Venarique
662 3042 831 3099 timet3
865 3041 1031 3089 ludere
1056 3042 1254 3101 doctior,

1606 139 1668 186 71

1611 433 1678 480 25

1619 852 1685 900 30

1624 1274 1689 1321 35

1631 1697 1694 1744 40

1632 2119 1700 2165 45

1638 2540 1705 2587 50

1642 2959 1707 3006 55
