1894 3188
647 102 979 144 SATIRARUM
1005 102 1110 144 LIB.
1142 104 1175 144 1.
1616 111 1713 161 139

178 227 228 275 N
231 244 291 276 on
318 238 449 293 patre
473 228 715 291 praeclaro,
741 230 824 276 sed
849 229 942 277 vita
965 237 1013 277 et
1034 241 1226 292 pectore
1250 246 1383 293 puro.

244 312 408 374 Atqui,
434 312 472 358 si
498 311 622 358 vitiis
647 312 970 360 mediocribus
993 329 1050 360 ac
1074 330 1183 360 mea
1205 315 1374 377 paucis
1646 315 1711 364 65

179 393 414 442 Mendosa
437 404 509 442 est
532 403 715 455 natura,
742 396 915 459 alioqui
938 406 1085 454 recta,
1111 398 1238 445 velut
1262 398 1301 445 si

178 477 385 542 Egregio
410 479 650 541 inspersos
674 478 934 542 reprendas
958 497 1155 544 corpore
1180 498 1367 540 naevos3

177 562 228 609 Si
254 578 406 624 neque
432 563 692 622 avaritiam,
718 578 874 626 neque
900 565 1078 621 sordes,
1105 580 1197 612 nec
1220 565 1346 614 mala
1367 565 1529 624 lustra,

173 645 384 709 Objiciet
407 645 517 694 vere
542 647 789 709 quisquam
814 647 931 695 mihi
951 664 964 706 3
1000 664 1148 711 purus
1170 658 1219 696 et
1243 649 1406 698 insons

177 727 262 792 (Ut
287 746 362 776 me
388 730 681 796 collaudem)
710 730 749 778 si
773 731 892 791 vivo,
917 740 966 779 et
989 748 1130 780 carus
1154 734 1321 781 amicis
1341 747 1357 781 τ’
1641 736 1706 785 70

169 813 329 861 Causa
354 814 439 861 fuit
462 823 594 877 pater
620 814 709 872 his,
734 816 814 878 qui
839 832 999 864 macro
1022 804 1200 881 pauper
1225 819 1378 881 agello

167 896 335 944 Noluit
358 898 406 944 in
433 898 565 945 Flavi
588 899 753 946 ludum
778 916 855 947 me
881 901 1084 958 mittere,
1111 903 1272 965 magni

165 979 283 1031 Quo
307 982 441 1043 pueri
468 983 652 1045 magnis
677 999 703 1029 e
728 984 1092 1032 centurionibus
1114 986 1218 1045 orti,

166 1063 306 1112 Laevo
331 1067 548 1128 suspensi
573 1067 752 1114 loculos
776 1068 1080 1131 tabulamque
1104 1069 1298 1127 lacerto,

162 1148 303 1196 Ibant
327 1151 512 1196 octonis
536 1151 798 1199 referentes
819 1152 976 1200 idibus
998 1167 1112 1201 aerffl
1166 1149 1173 1159 ”
1635 1157 1698 1205 75

161 1232 257 1278 Sed
282 1249 480 1294 puerum
506 1243 578 1280 est
602 1251 748 1281 ausus
773 1235 980 1283 Romam
1004 1246 1206 1299 portare,
1229 1238 1500 1287 docendum
1641 1224 1644 1226 Δ

158 1315 302 1362 Artes
327 1333 442 1378 quas
467 1318 637 1364 doceat
660 1318 812 1379 quivis
835 1335 981 1380 eques
1005 1329 1145 1383 atque
1178 1331 1368 1369 senator

158 1399 322 1447 Semet
344 1411 600 1463 prognatos
622 1418 631 1448 :
669 1410 848 1448 vestem
874 1419 1127 1466 servosque
1153 1414 1405 1467 sequentes

153 1483 210 1530 In
236 1500 410 1546 magno
436 1493 486 1531 ut
509 1485 682 1547 populo
707 1485 746 1532 si
770 1486 874 1547 quis
899 1486 1106 1547 vidisset,
1134 1489 1255 1536 avita

152 1566 225 1614 Ex
251 1584 300 1614 re
325 1569 523 1630 praeberi
548 1578 763 1632 sumptus
788 1570 904 1617 mihi
929 1572 1146 1619 crederet
1177 1572 1295 1620 illos·
1627 1577 1693 1625 80

149 1651 259 1714 Ipse
284 1652 401 1699 mihi
425 1662 584 1700 custos
609 1653 1046 1717 incorruptissimus
1063 1673 1229 1704 omnes

150 1734 343 1782 Circfim
369 1737 586 1784 doctores
607 1738 784 1785 aderat.
853 1738 989 1790 Quid
1015 1741 1164 1788 multa
1186 1743 1205 1788 Ἰ
1241 1742 1487 1805 pudicum,

145 1818 248 1870 Qui
273 1821 452 1882 primus
473 1822 657 1868 virtutis
682 1823 848 1879 honos,
875 1824 1080 1871 servavit
1104 1825 1163 1872 ab
1186 1826 1318 1873 omni

146 1903 258 1950 Non
285 1904 434 1951 solum
460 1895 601 1964 facto,
628 1905 793 1953 verum
815 1908 1067 1970 opprobrio
1090 1925 1277 1972 quoque
1302 1911 1458 1975 turpi:

147 1987 256 2034 Nec
276 1988 446 2048 timuit,
469 1989 558 2035 sibi
580 2006 640 2035 ne
666 1990 778 2037 vitio
801 1992 906 2052 quis
930 2000 1148 2051 verteret,
1174 1993 1288 2041 olim
1616 1996 1681 2045 85

146 2071 198 2118 Si
221 2087 377 2133 praeco
401 2088 582 2134 parvaS‚
610 2081 703 2131 aut,
730 2082 781 2120 ut
806 2074 894 2120 fuit
918 2075 1034 2136 ipse,
1061 2085 1266 2136 coactor,

142 2155 396 2202 Mercedes
420 2172 674 2218 sequerer3
710 2173 866 2219 neque
889 2174 979 2221 ego
1013 2175 1167 2207 essem
1203 2169 1413 2222 questus.
1482 2163 1562 2211 Ab
1586 2163 1678 2214 hoc

270 2257 400 2287 nunc

138 2324 266 2371 Laus
290 2324 357 2371 illi
382 2325 581 2372 debetur
605 2334 653 2372 et
677 2342 704 2372 a
729 2342 805 2373 me
829 2327 992 2390 gratias·
1005 2327 1170 2392 major.

104 2396 110 2399 ⁷
132 2398 214 2455 Nil
240 2425 316 2455 me
342 2409 572 2471 poeniteat
596 2426 765 2457 sanum
790 2412 936 2474 patris
962 2413 1101 2476 hujus
1124 2429 1134 2460 ε
1171 2428 1324 2476 eoque

134 2492 265 2548 Non,
290 2501 342 2540 ut
365 2509 540 2556 magna
563 2494 672 2541 dolo
697 2494 874 2542 factum
899 2505 1044 2560 negat
1067 2513 1172 2545 esse
1195 2513 1282 2545 suo
1299 2513 1409 2562 pars
1607 2502 1673 2550 90

129 2575 279 2627 Quod
304 2593 400 2624 non
425 2577 659 2641 ingenuos
683 2579 855 2626 habeat
878 2580 1124 2644 clarosque
1146 2591 1383 2645 parentes,

136 2659 218 2706 Sic
244 2676 318 2706 me
343 2660 615 2709 defendam.
685 2661 853 2726 Longe
878 2680 987 2712 mea
1009 2665 1248 2730 discrepat
1270 2666 1373 2715 istis

127 2742 189 2790 Et
214 2759 301 2790 vox
325 2752 372 2791 et
395 2745 528 2792 ratio.
554 2752 557 2757 ’
583 2744 727 2793 ‘Nam
754 2746 988 2796 si'‘natura
1013 2749 1204 2813 juberet

131 2827 176 2873 A
201 2828 344 2874 certis
368 2829 509 2876 annis
533 2845 684 2877 aevum
708 2847 923 2879 remeare
942 2843 1205 2895 peractum,

127 2911 285 2972 Atque
310 2911 426 2958 alios
448 2912 608 2976 legere
632 2914 691 2962 ad
718 2915 889 2963 fastum
913 2933 1223 2980 quoscunque
1247 2926 1468 2982 parentes
1600 2920 1666 2968 95

125 2992 328 3056 Optaret
351 2995 442 3042 sibi
466 2997 665 3059 quisque
686 3014 699 3055 3
737 2999 855 3046 meis
878 3009 1148 3061 contentuS,
1176 3002 1401 3051 honestos
