1894 3188
567 111 881 152 CARMINUM
906 111 1013 151 LIB.
1043 111 1122 150 111.

318 238 526 286 Milesne
550 236 711 284 Crassi
735 227 940 300 conjuge
959 236 1158 284 barbara

320 319 498 384 Turpis
522 321 718 367 maritus
743 321 856 368 vixit
878 319 887 365 Ι
925 330 972 368 et
997 308 1202 368 hostium

382 404 530 469 (Proh
554 405 701 460 curia,
728 405 994 467 inversique
1019 421 1173 452 mores
1192 402 1228 470 !)

444 489 710 536 Consenuit
734 505 1004 536 socerorum
1029 488 1079 535 in
1104 487 1242 543 arvis,

316 572 417 619 Sub
439 588 552 635 rege
577 572 741 627 Medo,
767 572 959 619 Marsus
983 580 1030 618 et
1055 571 1289 634 AppuluS,

316 655 613 702 Anciliorum
639 664 685 702 et
709 656 916 703 nominis
935 664 982 702 et
1005 664 1129 719 togae

376 738 583 793 Oblitus,
611 745 893 798 aeternaeque
920 739 1095 796 Vestae,

441 821 679 869 Incolumi
704 821 821 868 Jove
847 830 895 868 et
918 821 1034 868 urbe
1061 821 1218 868 Roma
1241 820 1250 867 !

313 903 422 950 Hoc
445 911 639 950 caverat
663 919 797 949 mens
822 903 1017 965 provida
1040 903 1236 966 Reguli,

312 986 650 1033 Dissentientis
675 986 1030 1034 conditionibus

375 1070 550 1129 Foedis,
578 1080 624 1117 et
648 1071 864 1133 exemplo
888 1070 1094 1118 trahenti

439 1154 708 1201 Perniciem
734 1156 930 1202 veniens
955 1156 1003 1201 in
1030 1170 1196 1214 aevum,

311 1237 363 1284 Si
388 1254 484 1285 non
507 1239 684 1300 periret
709 1239 1061 1285 immiserabilis

310 1321 508 1384 Captiva
530 1323 696 1385 pubes.
768 1331 797 1352 ‘⁴
821 1323 971 1385 Signa
995 1339 1083 1386 ego
1107 1322 1306 1371 Punicis

373 1405 529 1453 Affixa
554 1407 779 1463 delubris,
805 1416 852 1454 et
877 1424 1007 1454 arma

434 1488 671 1538 Militibus
695 1491 798 1537 sine
826 1492 1010 1546 caede,'’
1035 1490 1170 1546 dixit,

307 1578 333 1600 “
349 1573 547 1637 Direpta
571 1576 663 1621 vidi
686 1591 696 1620 :
734 1575 829 1621 vidi
854 1590 943 1637 ego
967 1573 1143 1622 civium

302 1656 507 1704 Retorta
529 1665 661 1719 tergo
685 1656 880 1703 brachia
906 1657 1068 1717 libero,

368 1739 626 1801 Portasque
652 1757 746 1787 non
773 1741 972 1800 clausas,
1000 1749 1047 1787 et
1071 1756 1184 1790 arva

432 1823 590 1870 Marte
617 1825 708 1871 ooli
732 1825 957 1887 populata
983 1834 1158 1873 nostro.

303 1906 438 1954 Auro
462 1923 690 1969 repensus
715 1909 900 1955 scilieet
925 1909 1077 1956 acrior

306 1989 449 2037 Miles
472 1991 645 2038 redibit
666 1994 683 2037 Τ
721 1993 928 2055 Flagitio
954 1993 1126 2039 additis

368 2073 625 2121 Damnum.
694 2075 864 2137 Neque
891 2077 1087 2123 amissos
1112 2073 1292 2125 colores

433 2157 571 2204 Lana
594 2158 736 2204 refert
762 2159 997 2205 medicata
1022 2160 1130 2206 fuco
1151 2177 1164 2217 ;

305 2241 353 2288 N
357 2256 413 2288 ec
437 2242 729 2300 vera-virtuS,
756 2259 898 2303 quum
924 2244 1069 2290 semel
1094 2243 1285 2301 excidit,

306 2325 457 2372 Curat
480 2326 643 2388 reponi
668 2327 993 2374 deterioribus.

369 2409 420 2456 Si
444 2419 623 2472 pugnat
647 2411 875 2458 extricata
898 2411 1058 2459 densis

431 2493 583 2541 Cerva
607 2496 757 2558 plagis
777 2512 788 2553 ς
826 2496 915 2543 erit
938 2497 1016 2543 ille
1041 2496 1188 2555 fortis,

298 2575 400 2627 Qui
425 2579 617 2640 perfidis
641 2597 690 2626 se
716 2581 918 2628 credidit
943 2582 1181 2641 hostibus3

301 2660 363 2707 Et
386 2661 542 2710 Marte
571 2664 740 2711 Poenos
763 2674 971 2727 proteret
997 2667 1157 2726 altero,

364 2745 467 2796 Qui
490 2747 589 2794 lora
612 2750 841 2796 restrictis
864 2750 1053 2798 lacertis

428 2831 588 2879 Sensit
612 2834 754 2887 iners,
780 2834 1028 2896 timuitque
1054 2843 1268 2884 mortem.

301 2911 411 2971 Hic,
437 2915 563 2961 unde
590 2916 729 2962 vitam
756 2927 961 2964 sumeret
985 2918 1180 2975 insciuS‚

296 2995 470 3044 Pacem
496 2999 652 3046 duello
676 2999 881 3047 miscuit.
951 3000 996 3048 O
1020 3001 1198 3064 pudor!

1585 115 1650 162 57

1588 655 1647 701 10

1583 1072 1644 1118 15

1577 1490 1643 1538 20

1570 1908 1636 1958 25

1569 2331 1632 2380 30

1565 2753 1628 2800 35
