1894 3188
582 113 895 154 CARMINUM
921 112 1030 152 LIB.
1060 113 1138 152 ΙΙΙ.

627 305 629 311 ’
696 305 836 354 ODE
876 305 1021 354 XVI.

693 454 759 486 AD
796 454 1012 486 DIANAM.

377 572 632 619 MONTIUM
657 580 819 619 custos
844 587 1204 634 nemorumque,
1229 571 1375 635 virgo,

378 656 506 707 Quae
529 656 801 703 laborantes
826 665 961 704 utero
983 657 1168 719 puellas

374 740 475 787 Ter
500 749 668 788 vocata
691 732 1137 802 audis‚‘adimisque
1170 740 1279 799 leto,

773 824 898 871 Diva
920 825 1146 871 triformis
1164 841 1176 881 3

383 909 649 956 Imminens
672 909 793 956 villae
817 918 900 956 tua
917 909 1066 971 vpinus
1091 918 1207 967 esto,

374 992 542 1044 Quam
577 1010 660 1056 per
683 1002 877 1040 exactos
901 1009 992 1055 ego
1015 993 1151 1039 laetus
1176 1007 1328 1039 annos

376 1077 541 1125 Verris
564 1077 810 1140 obliquum
834 1077 1111 1124 meditantis
1135 1076 1286 1123 ictum

768 1161 1018 1224 Sanguine
1044 1161 1234 1208 donem.

666 1581 806 1629 ODE
841 1580 1010 1629 XVII.

654 1731 722 1763 AD
757 1730 1032 1764 PHIDYLEN.
1108 1755 1110 1758 ,

367 1850 520 1898 COELo
545 1848 741 1912 supinas
765 1849 806 1897 si
830 1849 996 1897 tuleris
1021 1865 1193 1898 manus

366 1934 415 1981 N
419 1942 613 1980 ascente
636 1933 791 1989 Luna,
817 1934 998 1981 rustica
1032 1933 1249 1995 Phidyle,

430 2017 483 2064 Si
507 2018 646 2064 thure
669 2018 876 2080 placaris
900 2026 948 2064 et
971 2017 1122 2064 horna

495 2100 655 2163 Fruge
680 2101 845 2157 Lares,
873 2101 1105 2163 avidaque
1140 2101 1313 2163 porc&

364 2183 473 2232 Nec
496 2184 800 2246 pestilentem
825 2185 1000 2231 sentiet
1024 2184 1248 2232 Africum

369 2268 620 2315 Foecunda
642 2268 764 2327 vitis,
790 2284 883 2315 nec
907 2268 1117 2316 sterilem
1143 2285 1281 2332 seges

429 2351 743 2414 Rubiginem,
770 2360 854 2399 aut
878 2353 1044 2399 dulces
1068 2353 1249 2399 alumni

494 2435 731 2483 Pomifero
754 2452 897 2499 grave
921 2444 1110 2499 tempus
1133 2453 1275 2484 anno.

360 2519 503 2579 Nam,
529 2536 632 2582 quae
657 2520 802 2567 nivali
825 2521 1037 2583 pascitur
1061 2521 1242 2584 Algido

357 2604 541 2652 Devota
564 2620 767 2666 quercus
790 2604 914 2651 inter
938 2613 986 2651 et
1009 2604 1158 2664 ilices,

425 2687 527 2735 Aut
550 2687 724 2735 crescit
747 2688 951 2735 Albanis
974 2688 1025 2735 in
1050 2688 1211 2735 herbis

423 2757 431 2764 ’
493 2772 719 2831 Victima,
744 2772 1024 2835 pontificum
1048 2789 1242 2820 secures

356 2855 559 2903 Cervice
583 2856 751 2919 tinget.
820 2856 898 2903 Te
922 2857 1042 2904 nihil
1066 2857 1236 2905 attinet

353 2938 568 2989 Tentare
592 2940 740 2987 multa
764 2940 896 2987 caede
921 2940 1188 2989 bidentium

419 3020 594 3073 Parvos
619 3032 930 3085 coronantem
958 3025 1144 3073 marino

1598 114 1663 163 69

1578 2608 1637 2654 10

1580 3028 1640 3074 15
