1894 3188
641 107 880 147 EPODON
916 106 1105 146 LIBER.

342 235 554 283 Sonante
579 232 780 279 mixtum
804 233 933 280 tibiis
958 247 1152 279 carmen
1178 231 1295 294 lyr3,

604 317 713 363 Hfzc
737 317 955 373 Dorium,
982 316 1074 363 illis
1100 316 1365 362 Barbarum
1387 332 1402 372 ς

340 401 404 450 Ut
427 417 592 465 nuper,
619 409 754 448 actus
778 417 922 463 quum
949 401 1069 448 freto
1094 400 1372 463 Neptunius

604 485 717 532 Dux
742 486 876 548 fugit,
903 486 1022 533 ustis
1046 485 1268 541 navibus,

339 569 554 617 Minatus
578 570 685 616 urbi
709 569 884 626 vincla,
910 586 1014 632 quae
1039 570 1315 640 detraxerat

599 653 760 700 Servis
785 654 968 701 amicus
993 653 1224 716 perfidis?

340 738 608 796 Romanus,
633 738 758 786 eheu
780 736 789 784 !
831 737 1028 800 (posteri
1052 735 1318 801 negabitis!
1346 736 1364 802 )

597 821 945 884 Emancipatus
971 819 1195 878 foeminae,

334 905 449 954 Fert
472 906 648 953 vallum
671 914 720 952 et
744 921 878 952 arma
902 905 1054 964 miles,
1075 914 1124 952 et
1147 904 1440 968 spadonibus

605 990 794 1037 Servire
818 990 1005 1053 rugosis
1028 998 1185 1053 potest
1206 1008 1218 1048 ς

333 1074 559 1137 Interque
586 1074 725 1138 signa
749 1082 886 1136 turpe
912 1074 1136 1122 militaria

597 1159 678 1205 Sol
705 1158 908 1221 adspicit
932 1159 1203 1222 conopium.

333 1242 413 1290 Ad
437 1243 530 1290 hoc
554 1242 814 1290 frementes
839 1251 1084 1290 verterunt
1108 1244 1179 1290 bis
1205 1243 1335 1292 mille
1359 1259 1506 1307 equos

592 1327 736 1382 Galli,
764 1336 997 1374 canentes
1023 1328 1266 1375 Caesarem
1287 1346 1300 1386 3

330 1411 688 1473 Hostiliumque
709 1411 903 1458 navium
927 1420 1067 1474 portu
1091 1413 1244 1459 latent

593 1495 784 1558 Puppes
809 1494 1133 1542 sinistrorsum
1159 1496 1283 1544 citae.

327 1581 383 1628 Io
407 1579 677 1642 Triumphe
701 1578 710 1626 !
749 1588 801 1626 tu
825 1580 1028 1627 moraris
1052 1596 1222 1628 aureos

586 1665 786 1724 Currus,
811 1673 860 1712 et
884 1664 1090 1712 intactas
1113 1666 1256 1713 boves
1280 1683 1291 1713 z

326 1748 381 1796 Io
405 1748 675 1811 Triumphe
698 1746 708 1793 !
747 1765 840 1796 nec
865 1748 895 1795 J
900 1749 1160 1811 ugurthino
1184 1766 1349 1813 parem

587 1833 723 1881 Bello
746 1833 996 1896 reportsssti
1023 1835 1197 1880 ducem
1219 1851 1232 1891 ς

327 1917 498 1979 Neque
524 1918 771 1977 Africano,
797 1918 878 1965 cui
902 1934 1045 1981 super
1069 1919 1420 1982 Carthaginem

587 2002 754 2048 Virtus
779 2003 1053 2064 sepulcrum
1078 2003 1308 2049 condidit.

325 2086 482 2133 Terrfi
507 2086 719 2148 marique
744 2086 898 2133 victus
923 2086 1071 2133 hostis
1105 2085 1292 2134 Punico

586 2169 814 2232 Lugubre
838 2170 1038 2216 mutavit
1063 2186 1261 2233 sagum3

327 2255 430 2301 Aut
455 2253 534 2300 ille
559 2262 755 2301 centum
779 2253 988 2301 nobilem
1014 2254 1211 2302 Cretam
1236 2255 1450 2311 urbibus,

585 2337 758 2385 Ventis
783 2338 935 2385 iturus
960 2355 1057 2385 non
1090 2339 1205 2396 suis,

322 2422 623 2469 Exercitatas
649 2430 730 2468 aut
752 2422 871 2485 petit
896 2422 1061 2484 Syrtes
1085 2422 1242 2482 Not0;

579 2505 682 2552 Aut
706 2505 854 2552 fertur
877 2506 1063 2554 incerto
1088 2507 1222 2554 mari.

321 2588 611 2652 Capaciores
636 2589 750 2636 affer
775 2590 885 2648 huc,
912 2607 1043 2652 puer,
1071 2592 1291 2654 scyphos,

580 2673 644 2720 Et
668 2673 793 2720 Chia
817 2673 941 2732 vina,
969 2683 1050 2721 aut
1080 2674 1270 2735 Lesbia,

319 2756 427 2813 Vel,
453 2757 579 2819 quod
603 2757 833 2804 fluentem
857 2774 1086 2805 nauseam
1112 2763 1352 2819 coerceat,

578 2840 756 2888 Metire
780 2842 919 2888 nobis
945 2841 1226 2890 Caecubum.

319 2924 500 2973 Curam
526 2934 801 2988 metumque
827 2925 1032 2973 Caesaris
1056 2943 1213 2975 rerum
1234 2927 1370 2991 juvat

580 3009 725 3057 Dulci
750 3010 895 3072 Lyaeo
920 3010 1119 3059 solvere.

648 3094 710 3142 10

1591 109 1689 157 109

1626 652 1685 696 10

1624 1073 1684 1120 15

1615 1498 1681 1545 20

1609 1921 1674 1966 25

1606 2343 1671 2389 30
