1894 3188
599 90 1008 132 EPISTOLARUM
1034 91 1142 131 LIB.
1162 91 1219 131 ΙΙ.
1606 96 1711 148 235

239 226 270 248 “
292 218 536 276 Gemmas,
560 233 781 277 marmor,
803 218 936 277 ebur,
963 217 1219 280 Tyrrhena
1243 216 1416 281 sigilla,
1439 215 1653 275 tabellaS‚

171 303 459 366 Argentum,
483 311 638 348 vestes
656 302 845 349 Gaetulo
870 302 1052 349 murice
1073 302 1266 358 tinctas,
1545 342 1551 347 .
1615 301 1705 351 181
1765 309 1772 318 ’

169 387 296 434 Sunt
314 387 392 448 qui
417 401 512 432 non
535 386 772 444 habeant3
811 394 884 433 est
907 387 987 448 qui
1011 403 1108 433 non
1133 395 1271 433 curat
1296 386 1485 436 habere.

171 471 271 519 Cur
298 473 414 519 alter
440 472 635 518 fratrum
659 486 847 517 cessare
872 480 920 518 et
943 472 1107 525 ludere
1132 480 1181 518 et
1204 471 1321 534 ungi

168 554 396 603 Praeserat
420 555 628 602 Herodis
652 555 870 616 palmetis
894 554 1154 617 pinguibus
1175 572 1184 612 3
1224 555 1357 614 alter,

171 639 318 687 Dives
342 649 390 686 et
413 640 726 702 importunus,
753 640 813 685 ad
839 639 1054 685 umbram
1079 639 1201 685 lucis
1226 640 1285 685 ab
1308 647 1413 687 ortu
1615 639 1710 688 185

169 724 448 771 Silvestrem
473 723 675 770 flammis
701 731 748 769 et
774 722 896 769 ferro
921 723 1108 785 mitiget
1133 739 1299 785 agrum
1321 740 1334 780 3

169 808 277 856 Scit
300 808 500 863 Genius,
527 807 685 854 natale
712 823 872 854 comes
896 807 976 868 qui
1001 815 1232 869 temperat
1257 815 1450 862 astrum,

167 891 367 939 Naturae
388 893 508 939 deus
534 892 771 947 humanae,
799 891 1009 937 mortalis
1035 890 1083 937 in
1109 907 1280 937 unum-

167 977 386 1038 quodque
412 984 571 1038 caput‚
597 976 730 1023 vultu
755 975 1011 1030 mutabilis,
1039 975 1172 1021 albus
1197 984 1244 1021 et
1268 983 1383 1021 ater.

237 1065 263 1084 “
280 1059 413 1115 Utar,
440 1068 487 1106 et
511 1075 570 1106 ex
593 1059 798 1114 modico,
820 1058 1046 1120 quantum
1073 1074 1147 1105 res
1170 1067 1347 1120 poscet,
1375 1072 1543 1106 acervo
1613 1058 1707 1106 190

171 1142 390 1200 Tollam3
429 1159 520 1190 nec
545 1151 756 1190 metuam
781 1142 893 1205 quid
920 1143 978 1188 de
1005 1158 1079 1188 me
1100 1142 1284 1204 judicet
1308 1142 1474 1198 haeres,

165 1226 313 1276 Quod
339 1243 434 1273 non
460 1227 598 1288 plura
622 1227 744 1273 datis
769 1226 1003 1272 invenerit
1027 1243 1036 1272 :
1074 1235 1120 1272 et
1143 1234 1303 1272 tamen
1328 1226 1456 1273 idem

169 1310 305 1356 Scire
331 1311 484 1356 volam
509 1309 740 1372 quantum
765 1309 965 1371 simplex
989 1309 1243 1370 hilarisque
1269 1309 1430 1372 nepoti

165 1392 437 1456 Discrepet‚
463 1403 511 1440 et
534 1393 761 1455 quantum
787 1394 1028 1440 discordet
1051 1410 1223 1455 parcus
1248 1410 1402 1440 avaro.

167 1476 325 1524 Distat
379 1477 525 1534 enim,
577 1493 771 1540 spargas
822 1486 905 1524 tua
948 1478 1190 1540 prodigus,
1233 1494 1294 1524 an
1346 1493 1500 1541 neque
1549 1495 1706 1543 sump-

295 1566 397 1605 tum
1609 1562 1705 1609 195

164 1642 349 1689 Invitus
375 1642 539 1698 facias,
565 1658 721 1704 neque
745 1642 881 1704 plura
904 1658 1070 1704 parare
1094 1642 1281 1689 labores
1301 1659 1311 1700 3

165 1727 242 1772 Ac
265 1725 440 1788 potius,
460 1742 578 1788 puer
602 1735 655 1772 ut
675 1726 805 1772 festis
824 1725 1208 1787 Quinquatribus
1226 1726 1356 1782 olim,

165 1809 353 1871 Exiguo
377 1819 604 1872 gratoque
630 1810 800 1856 fruaris
823 1819 1031 1872 tempore
1056 1811 1242 1875 raptim.

234 1900 264 1921 “
287 1893 545 1954 Pauperies
570 1894 818 1940 immunda
840 1894 1006 1955 procul
1030 1894 1195 1956 procul
1222 1894 1370 1940 absit:
1407 1909 1513 1958 ego,
1541 1895 1701 1943 utrum

164 1976 301 2023 Nave
328 1976 449 2022 ferar
474 1979 649 2039 magna
675 1993 735 2022 an
758 1978 914 2038 parva,
942 1977 1062 2022 ferar
1088 1993 1212 2022 unus
1236 1986 1283 2022 et
1303 1977 1444 2024 idem.
1601 1980 1702 2028 200

165 2060 280 2107 Non
306 2060 489 2123 agimur
513 2060 708 2106 tumidis
731 2060 846 2106 velis
871 2060 1108 2121 Aquilone
1134 2061 1381 2118 secund03

162 2145 276 2192 Non
302 2152 461 2190 tamen
487 2144 696 2190 adversis
722 2152 908 2190 aetatem
934 2144 1153 2190 ducimus
1178 2145 1402 2202 Austris;

106 2241 110 2244 ’
162 2228 375 2284 Viribus,
404 2228 615 2291 ingenio,
642 2228 818 2290 specie,
845 2228 1031 2286 virtute,
1057 2228 1177 2284 loco,
1204 2245 1271 2285 re,

162 2312 378 2359 Extremi
402 2312 676 2374 primorum,
703 2311 926 2358 extremis
949 2328 1096 2373 usque
1122 2312 1314 2374 priores.

232 2404 262 2425 ‘⁶
283 2396 396 2443 Non
421 2412 472 2442 es
498 2412 664 2442 avarus
685 2412 695 2441 ι
733 2396 824 2442 abi.
893 2395 1064 2446 Quid?
1102 2405 1274 2442 caetera
1292 2397 1390 2460 jam
1414 2396 1552 2446 simul
1576 2398 1667 2447 isto

163 2480 288 2527 Cum
314 2480 426 2526 vitio
452 2479 651 2542 fugere?
690 2489 820 2526 caret
846 2480 930 2526 tibi
955 2488 1122 2541 pectus
1147 2480 1279 2526 inani
1599 2483 1698 2532 206

160 2564 438 2611 Ambitione
458 2565 476 2610 ’ἕ
513 2576 644 2610 caret
666 2564 828 2611 mortis
853 2564 1119 2623 formidine,
1145 2573 1192 2610 et
1215 2564 1318 2610 ira!

162 2648 374 2704 Somnia,
401 2656 602 2694 terrores
627 2647 852 2710 magicOS,
883 2648 1126 2706 miracula,
1153 2664 1304 2710 sagas,

158 2731 435 2779 Nocturnos
458 2732 664 2778 lemures
687 2740 997 2793 portentaque
1024 2732 1260 2778 Thessala
1284 2731 1446 2780 rides?

158 2814 357 2861 Natales
381 2815 510 2878 grate
531 2816 790 2862 numeras?
829 2815 1038 2877 ignoscis
1059 2814 1224 2861 amicis
1248 2816 1267 2861 2
1597 2817 1697 2867 210

159 2897 335 2946 Lenior
359 2908 407 2946 et
431 2899 596 2947 melior
621 2899 676 2946 fis
701 2899 962 2946 accedente
988 2900 1214 2945 senecta?

157 2980 294 3033 Quid
318 2991 365 3031 te
389 2993 609 3049 exempta
627 2984 761 3049 juvat
785 2983 933 3048 spinis
957 2984 1016 3031 de
1040 2984 1253 3048 pluribus
1270 2985 1400 3033 una?
