1894 3188
560 93 971 135 EPISTOLARUM
995 93 1102 133 LIB.
1132 92 1169 133 Ι.

126 221 331 269 Virtutis
355 235 476 268 verae
501 229 679 277 custos,
705 221 983 284 rigidusque
1007 219 1197 267 satelles
1218 235 1229 265 ε

127 306 276 354 Nunc
301 306 349 353 in
375 305 607 367 Aristippi
633 305 794 352 furtim
818 313 1059 368 praecepta
1082 303 1283 359 relabor,

125 390 190 438 Et
213 391 330 438 mihi
355 407 445 446 res,
471 406 568 436 non
594 406 669 436 me
693 390 836 437 rebus
861 389 1139 437 submittere
1164 404 1325 436 conor.

124 475 189 523 Ut
212 492 307 523 nox
331 475 474 538 longa
495 475 667 537 quibus
691 475 846 522 somni
871 492 980 539 pars
1005 474 1150 533 nulla,
1177 473 1399 535 diesque.

122 559 294 623 Longa
318 560 502 607 videtur
525 576 645 622 opus
669 559 956 606 debentibus
977 576 988 618 ;
1026 567 1079 607 ut
1101 558 1236 622 piger
1260 573 1415 605 annus

125 643 323 707 Pupillis
347 661 463 706 quos
487 644 607 690 dura
629 644 802 706 premit
825 644 1044 692 custodia
1066 651 1271 691 matrum
1292 658 1304 688 t

124 728 208 774 Sic
232 727 349 774 mihi
374 728 509 774 tarda
532 727 688 774 fluunt
711 728 993 790 ingrataque
1016 736 1247 791 tempora,
1272 741 1377 788 quae
1401 740 1535 789 spem

122 811 482 873 Consiliumque
508 819 754 858 morantur
780 813 954 874 agendi
979 812 1196 873 gnaviter
1221 811 1270 857 id
1294 809 1419 871 quod

123 894 282 958 AEque
307 895 596 958 pauperibus
619 895 825 957 prodest,
851 893 1170 955 locupletibus
1196 892 1345 954 aeque,

118 979 277 1042 AEque
304 980 579 1043 neglectum
604 979 766 1041 pueris
791 978 1082 1039 senibusque
1102 977 1312 1024 nocebit.

120 1064 294 1111 Restat
317 1074 369 1110 ut
395 1063 467 1109 his
492 1080 582 1125 ego
606 1079 682 1108 me
708 1062 808 1124 ipse
833 1077 1000 1124 regam
1025 1061 1242 1123 solerque
1264 1061 1514 1109 elementis
1535 1079 1545 1107 :

117 1147 232 1194 Non
257 1147 408 1210 possis
432 1147 572 1194 oculo
596 1145 826 1208 quantum
851 1145 1142 1192 contendere
1168 1144 1410 1206 Lynceus,

118 1231 231 1279 Non
255 1240 416 1278 tamen
442 1231 624 1277 idcirco
649 1238 930 1276 contemnas
953 1229 1109 1291 lippus
1134 1229 1303 1292 inungi
1324 1246 1336 1288 ;

116 1315 240 1375 Nec,
267 1315 377 1377 quia
402 1316 625 1377 desperes
650 1314 815 1361 invicti
840 1314 1054 1360 membra
1085 1314 1329 1376 Glyconis,

114 1398 311 1447 Nodosa
337 1415 508 1461 corpus
532 1399 656 1446 nolis
679 1398 932 1461 prohibere
957 1399 1202 1461 cheragra.

114 1482 204 1530 Est
226 1483 431 1544 quadam
455 1483 643 1545 prodire
669 1491 824 1538 tenus,
851 1482 891 1528 si
916 1498 1012 1528 non
1038 1482 1174 1529 datur
1199 1481 1338 1529 ultra.

114 1567 288 1614 Fervet
312 1567 507 1613 avaritia
531 1567 799 1628 miseroque
825 1566 1051 1628 cupidine
1075 1568 1282 1629 pectus?

112 1653 237 1699 Sunt
261 1653 402 1698 verba
426 1661 475 1698 et
498 1668 639 1699 voces
664 1651 835 1713 quibus
860 1651 990 1697 hunc
1014 1651 1165 1698 lenire
1191 1651 1403 1699 dolorem

110 1736 282 1795 Possis,
311 1745 358 1783 et
382 1753 607 1800 magnam
632 1736 784 1783 morbi
810 1736 1050 1798 deponere
1074 1744 1275 1798 partem.

108 1820 288 1867 Laudis
314 1838 476 1868 amore
501 1830 659 1867 tumes
681 1823 699 1866 ’ἱ
738 1829 850 1867 sunt
873 1828 1006 1867 certa
1029 1820 1221 1883 piacula
1243 1837 1348 1882 quae
1371 1828 1420 1868 te

110 1903 210 1950 Ter
233 1904 348 1965 pure
374 1904 498 1950 lecto
521 1913 746 1966 poterunt
769 1919 988 1951 recreare
1013 1904 1190 1952 libello.

108 1988 321 2042 Invidus,
349 1988 622 2046 iracundus,
653 1988 796 2046 iners,
823 1988 1032 2043 vinOSUS,
1059 1995 1254 2046 amator,

106 2071 264 2118 Nemo
290 2070 408 2117 adeo
436 2071 562 2117 ferus
586 2080 660 2117 est
678 2079 730 2116 ut
753 2087 850 2117 non
875 2070 1126 2117 mitescere
1145 2070 1307 2132 possit,

107 2155 160 2202 Si
185 2155 324 2201 modo
349 2155 547 2201 culturae
570 2154 832 2216 patientem
857 2155 1128 2201 commodet
1151 2170 1330 2201 aurem.

171 2239 337 2286 Virtus
362 2247 434 2286 est
457 2239 624 2286 vitium
650 2238 814 2301 fugere
835 2255 845 2296 3
883 2246 931 2285 et
954 2238 1191 2301 sapientia
1212 2238 1370 2301 prima

104 2323 316 2370 Stultitia
341 2323 568 2370 caruisse.
639 2322 805 2378 Vides,
831 2339 935 2384 quae
960 2322 1170 2370 maxima
1193 2322 1351 2370 credis

102 2407 221 2454 Esse
248 2408 390 2463 mala,
418 2407 648 2470 exiguum
673 2423 888 2462 censum,
914 2415 1196 2470 turpemque
1220 2407 1473 2470 repulsam,

100 2492 302 2543 Quanto
328 2492 509 2539 devites
535 2491 697 2538 animo
722 2491 986 2555 capitisque
1011 2492 1202 2538 labore:

101 2575 311 2638 Impiger
336 2584 573 2622 extremos
598 2575 749 2623 curris
775 2584 1013 2622 mercator
1038 2575 1098 2622 ad
1123 2575 1290 2632 Indos,

97 2660 189 2707 Per
213 2676 342 2707 mare
366 2660 645 2723 pauperiem
671 2659 876 2723 fugienS‚
901 2676 985 2722 per
1011 2676 1139 2720 saxa,
1164 2676 1249 2724 per
1273 2660 1411 2724 ignes
1433 2678 1442 2708 :

95 2743 175 2790 Ne
199 2760 338 2790 cures
362 2760 419 2790 ea
445 2760 549 2806 quae
575 2742 719 2791 stulte
745 2743 932 2791 miraris
956 2752 1004 2791 et
1026 2753 1178 2807 optaS,

95 2826 296 2874 Discere
320 2837 367 2874 et
391 2829 573 2885 audire,
599 2838 647 2875 et
670 2827 854 2875 meliori
879 2829 1076 2876 credere
1104 2844 1201 2876 non
1225 2828 1331 2876 vis?

91 2909 220 2960 Quis
245 2911 426 2959 circum
452 2929 599 2976 pagos
623 2920 672 2959 et
695 2912 877 2959 circum
904 2912 1113 2975 compita
1135 2929 1330 2977 pugnax

89 2993 274 3059 Magna
297 2997 516 3045 coronari
540 3005 817 3046 contemnat
841 2997 1084 3062 Olympia,
1109 2998 1189 3047 cui
1214 3015 1338 3062 spes,

1573 94 1672 144 187

1603 470 1670 518 20

1599 892 1667 941 25

1598 1314 1664 1362 30

1590 1738 1656 1785 35

1585 2156 1651 2204 40

1579 2577 1646 2625 45

1575 2998 1642 3046 50
