1894 3188
200 140 302 188 218
720 139 771 186 Q.
801 140 1043 180 HORATII
1079 141 1283 181 FLACCI

261 264 503 312 Laudibus
527 265 738 328 arguitur
763 266 859 313 vini
884 267 1076 314 vinosus
1107 267 1373 315 Homerus:

262 349 449 396 Ennius
474 349 572 412 ipse
596 359 727 413 pater
751 368 1010 413 nunquam,
1037 351 1130 398 nisi
1151 361 1303 415 potus,
1330 353 1388 399 ad
1414 340 1543 401 arma

260 433 482 481 Prosiluit
505 435 723 482 dicenda.
795 435 1017 482 “Forum
1042 437 1292 498 putealque
1317 437 1514 484 Libonis

259 517 500 567 Mandabo
525 520 681 576 siccis,
708 520 916 566 adimam
941 530 1132 567 cantare
1158 521 1382 568 severis.”

325 603 434 650 Hoc
458 604 595 650 simul
616 605 776 663 edixit,
804 621 900 651 non
925 604 1172 651 cessavere
1197 609 1349 667 poetae
1727 607 1785 654 10

256 687 507 735 Nocturno
531 697 711 735 certare
738 706 880 748 mero,
906 700 1070 751 putere
1096 689 1280 736 diurno.

253 770 406 827 Quid,
431 771 471 818 si
495 772 599 834 quis
624 773 752 819 vultu
778 782 908 818 torvo
934 773 1059 818 ferus
1083 781 1130 818 et
1153 774 1273 834 pede
1299 773 1426 820 nudo

257 855 548 919 Exiguaeque
573 864 693 918 togae
720 855 911 902 simulet
935 864 1114 902 textore
1149 856 1395 915 Catonem,

254 940 554 987 Virtutemne
579 949 886 1002 repraesentet
911 956 1156 1001 moresque
1182 940 1416 987 Catonis?

254 1024 406 1087 Rupit
430 1024 654 1071 Iarbitam
681 1024 964 1087 Timagenis
990 1025 1160 1071 aemula
1184 1025 1363 1087 lingua,
1728 1027 1783 1071 io

253 1109 382 1156 Dum
406 1109 564 1156 studet
588 1109 811 1167 urbanuS‚
838 1109 1083 1170 tenditque
1108 1109 1311 1155 disertus
1343 1109 1520 1155 haberi.

253 1189 445 1253 Decipit
469 1191 706 1253 exemplar
731 1190 857 1236 vitiis
883 1190 1110 1236 imitabile
1133 1207 1143 1235 ε
1179 1188 1304 1252 quod
1331 1190 1368 1236 si

252 1274 484 1321 Pallerem
508 1291 639 1333 casu,
666 1274 884 1320 biberent
908 1290 1149 1337 exsangue
1175 1274 1434 1321 cuminum.

252 1357 297 1405 Ο
322 1359 594 1417 imitatores,
621 1375 807 1405 servum
832 1374 994 1420 pecus,
1021 1367 1073 1404 ut
1097 1359 1212 1404 mihi
1238 1356 1362 1420 saepe

252 1442 419 1501 Bilem,
447 1443 567 1504 saepe
589 1443 768 1511 jocum,
795 1442 936 1488 vestri
962 1441 1150 1489 movere
1176 1442 1404 1488 tumultus
1426 1440 1434 1487 !
1717 1441 1780 1487 20

317 1526 490 1573 Libera
512 1543 594 1588 per
618 1542 819 1572 vacuum
845 1526 978 1587 posui
1002 1526 1198 1587 vestigia
1222 1526 1442 1587 princeps
1463 1541 1475 1581 3

252 1610 362 1658 Non
390 1611 544 1657 aliena
563 1626 668 1656 meo
691 1609 840 1671 pressi
864 1610 998 1670 pede.
1069 1608 1170 1658 Qui
1191 1609 1279 1654 sibi
1304 1609 1419 1667 fidit,

252 1695 364 1742 Dux
386 1695 506 1757 regit
530 1710 744 1740 examen.
814 1693 976 1739 Parios
1000 1709 1089 1754 ego
1113 1692 1289 1754 primus
1316 1692 1497 1739 iambos

252 1779 456 1826 Ostendi
481 1778 634 1833 Latio,
660 1793 881 1824 numeros
906 1776 1182 1838 animosque
1208 1784 1433 1838 sequutus

254 1863 549 1918 Archilochi,
575 1878 671 1908 non
695 1877 769 1907 res
794 1871 840 1906 et
865 1860 1054 1922 agentia
1077 1860 1218 1906 verba
1242 1860 1532 1921 Lycamben.
1715 1861 1777 1906 25

253 1948 347 2003 Ac,
373 1964 433 1994 ne
458 1963 532 1993 me
558 1945 680 1992 foliis
705 1945 812 1991 ideo
837 1944 1128 1990 brevioribus
1151 1960 1290 1990 ornes

251 2030 401 2083 Quod
426 2030 560 2077 timui
585 2037 765 2076 mutare
792 2028 953 2074 modos
977 2036 1024 2074 et
1047 2027 1270 2074 carminis
1295 2036 1459 2083 artem,

254 2116 514 2178 Temperat
538 2112 816 2161 Archilochi
842 2111 1032 2158 Musam
1055 2112 1175 2173 pede
1199 2112 1409 2157 mascula
1434 2110 1639 2174 Sappho,

255 2200 519 2262 Temperat
542 2198 734 2244 Aloaeus
756 2212 765 2242 z
803 2196 884 2242 sed
908 2195 1047 2241 rebus
1071 2203 1117 2241 et
1140 2195 1304 2241 ordine
1329 2194 1514 2256 dispar3

256 2284 364 2332 Nec
388 2297 603 2330 socerum
628 2280 808 2342 quaerit‚
834 2295 974 2340 quem
1001 2278 1210 2324 versibus
1233 2278 1411 2324 oblinat
1435 2277 1545 2324 atris
1565 2293 1578 2333 ς
1710 2278 1774 2323 3⁰

254 2368 362 2416 Nec
387 2382 567 2429 sponsae
591 2365 810 2426 laqueum
837 2363 1016 2408 famoso
1040 2361 1252 2408 carmine
1277 2361 1439 2408 nectit.

256 2453 403 2501 Hunc
427 2467 529 2514 ego,
555 2465 648 2496 non
674 2448 766 2494 alio
790 2446 968 2493 dictum
992 2444 1121 2508 prius
1144 2461 1240 2500 ore,
1266 2444 1447 2491 Latinis

257 2536 460 2599 Vulgavi
484 2534 685 2581 fidicen:
718 2532 848 2594 juvat
872 2529 1198 2576 immemorata
1221 2529 1447 2574 ferentem

257 2620 486 2683 Ingenuis
509 2617 750 2677 oculisque
774 2613 882 2676 legi,
909 2613 1217 2674 manibusque
1242 2611 1407 2658 teneri.
1561 2675 1564 2678 ἢ

323 2703 457 2750 Scire
481 2701 596 2748 velis
619 2715 725 2746 mea
747 2714 830 2744 cur
855 2697 1067 2759 ingratus
1090 2695 1316 2757 opuscula
1339 2694 1487 2740 lector
1702 2694 1766 2740 35

257 2786 441 2834 Laudet
463 2792 677 2845 ametque
702 2780 841 2839 domi,
866 2788 1047 2842 premat
1070 2787 1200 2825 extra
1222 2778 1366 2824 limen
1391 2775 1613 2838 iniquus?

256 2870 367 2919 Non
392 2884 480 2931 ego
503 2876 706 2914 ventosae
730 2864 880 2928 plebis
904 2863 1129 2926 suffragia
1151 2876 1293 2908 venor

256 2951 491 3016 Impensis
515 2965 758 2997 coenarum
781 2957 828 2995 et
853 2947 972 2994 tritae
995 2961 1190 2993 munere
1214 2943 1354 2990 vestis
1374 2960 1386 3001 ;

255 3036 369 3086 Non
392 3050 494 3099 ego,
519 3032 748 3082 nobilium
771 3031 1051 3093 scriptorum
1074 3027 1258 3075 auditor
1281 3035 1328 3074 et
1350 3026 1484 3083 ultor,
