1894 3188
140 118 241 170 124
670 116 721 163 Q.
750 115 991 157 HORATII
1020 114 1227 155 FLACCI

753 286 1020 358 sATI'RA
1056 309 1125 357 Π.

775 432 831 492 ΙΝ
867 426 1131 503 Mencnos.'
1202 440 1204 443 ’

197 576 590 626 AMBUBAJARUM
615 577 836 640 collegia,
861 578 1256 641 pharmacopolae,

199 661 433 722 Mendici,
460 662 636 721 mimae‚
664 662 953 718 balatrones,
980 663 1071 709 hoc
1095 678 1249 725 genus
1272 678 1415 709 omne

195 746 428 794 Moestum
455 763 510 794 ac
535 747 795 794 sollicitum
821 755 892 793 est
917 747 1129 794 cantoris
1155 756 1304 794 morte
1330 746 1511 810 Tigelli
1533 763 1546 804 3

193 830 390 895 Quippe
417 833 654 895 benignus
679 840 782 879 erat
805 849 814 878 :
853 830 1022 879 contr&
1048 831 1145 887 hic,
1172 848 1233 878 ne
1257 832 1484 895 prodigus
1507 847 1613 879 esse

193 915 396 965 Dicatur
421 926 655 977 metuens,
684 917 813 979 inopi
838 917 951 963 dare
977 916 1095 963 nolit
1120 915 1275 963 amico
1709 917 1742 963 5

194 1000 369 1065 Frigus
388 1018 481 1064 quo
506 1002 769 1064 duramque
795 1001 969 1047 famem
990 1000 1229 1064 depellere
1248 1001 1410 1062 possit.

191 1085 341 1133 Hunc
365 1086 405 1133 si
428 1086 741 1149 perconteriS,
769 1085 843 1132 avi
868 1102 955 1132 cur
982 1094 1121 1147 atque
1146 1086 1358 1147 parentis

191 1169 479 1218 Praeclaram
505 1171 691 1234 ingrat&
716 1170 918 1233 stringat
942 1170 1095 1217 malus
1121 1169 1333 1232 ingluvie
1358 1186 1473 1230 rem,

190 1254 371 1302 Omnia
395 1256 650 1302 conductis
676 1258 904 1302 coemens
928 1255 1126 1306 obsonia
1150 1255 1391 1313 nummis3

193 1337 426 1387 Sordidus
450 1348 589 1402 atque
615 1340 762 1387 animi
787 1339 914 1402 quod
939 1339 1069 1402 parvi
1096 1340 1213 1387 nolit
1233 1340 1416 1396 haberi,
1677 1340 1738 1387 10

188 1423 501 1486 Respondet:
537 1425 757 1472 laudatur
783 1425 842 1472 ab
866 1425 956 1480 his,
983 1424 1201 1486 culpatur
1225 1424 1285 1471 ab
1309 1424 1417 1471 illis.

187 1507 408 1556 Fufidius
431 1525 592 1572 vappae
615 1509 790 1556 samam
815 1509 952 1555 timet
977 1524 1033 1555 ac
1053 1508 1323 1566 nebulonis,

188 1592 336 1640 Dives
361 1594 503 1656 agris,
529 1594 663 1640 dives
686 1592 851 1655 positis
878 1592 927 1639 in
953 1592 1132 1638 soenore
1157 1591 1382 1638 nummis.

187 1676 380 1728 Quinas
405 1677 484 1724 hic
509 1677 654 1740 capiti
680 1677 927 1723 mercedes
952 1683 1146 1722 exsecat
1167 1691 1179 1732 3
1217 1684 1360 1737 atque

186 1761 389 1813 Quanto
413 1762 640 1825 perditior
666 1762 864 1824 quisque
889 1769 974 1819 est,
1001 1759 1137 1807 tanto
1163 1760 1320 1807 acrius
1345 1768 1483 1824 urget
1498 1777 1510 1819 ;
1674 1762 1734 1808 15

186 1845 402 1893 Nomina
425 1855 651 1902 sectatur,
677 1844 819 1893 modo
845 1845 1034 1908 sumpta
1060 1852 1190 1891 veste
1215 1844 1337 1892 virili

187 1927 290 1975 Sub
309 1927 523 1990 patribus
548 1927 695 1982 duris,
722 1927 944 1973 tironum.
1017 1933 1047 1955 ‘⁶
1066 1925 1326 1982 Maxime,”
1354 1925 1459 1988 quis
1483 1941 1598 1982 non,

189 2015 216 2037 “
233 2011 419 2077 Jupiter
441 2010 449 2057 ἱ
469 2012 500 2033 ”
525 2012 779 2067 exclamet,
806 2010 946 2057 simul
972 2018 1111 2072 atque
1137 2010 1318 2056 audivit
1339 2011 1496 2056 Ἱ-Αῑ
1518 2009 1568 2057 in
1594 2025 1645 2057 se

185 2095 278 2143 Pro
302 2104 485 2158 quaestu
510 2104 752 2158 sumptum
779 2094 1078 2141 facit.—Hic
1102 2094 1180 2141 vix
1204 2094 1400 2140 credere
1424 2093 1577 2155 possis

183 2178 350 2231 Quem
376 2180 465 2227 sibi
489 2196 586 2226 non
611 2180 671 2226 s'it
696 2179 879 2226 amicus
901 2195 911 2224 :
949 2178 1014 2226 ita
1039 2186 1090 2225 ut
1113 2187 1246 2240 pater
1270 2178 1366 2234 ille,
1393 2176 1597 2224 Terenti
1664 2176 1730 2224 20

186 2263 374 2311 Fabula
396 2280 537 2326 quem
557 2264 783 2310 miserum
808 2271 921 2310 nato
946 2262 1118 2309 vixisse
1144 2262 1307 2324 fugato

188 2348 396 2407 Inducit,
424 2364 519 2395 non
545 2364 594 2395 se
619 2346 751 2410 pejus
776 2347 1065 2394 cruciaverit
1090 2355 1228 2408 atque
1255 2346 1349 2393 hic.

255 2432 307 2479 Si
331 2432 434 2494 quis
455 2448 585 2479 nunc
609 2440 801 2493 quaerat,
830 2439 860 2460 ‘⁶
880 2429 998 2481 Quo
1019 2446 1094 2477 res
1120 2431 1223 2477 haec
1246 2428 1488 2492 pertinet?
1505 2428 1535 2451 ”
1572 2428 1695 2476 Illuc
1716 2445 1728 2474 ε

187 2515 319 2563 Dum
345 2516 494 2562 vitant
518 2515 650 2562 stulti
676 2515 802 2573 vitia,
831 2514 879 2561 in
905 2513 1143 2561 contraria
1167 2521 1380 2560 currunt.

186 2600 406 2649 Pastillos
430 2599 642 2648 Rufillus
665 2599 773 2659 olet,
799 2598 1072 2661 Gorgonius
1097 2597 1299 2644 hircum.
1664 2593 1730 2642 25
