1894 3188
609 115 943 157 SATIRARUM
969 115 1078 155 ΜΒ.
1107 115 1164 154 11.
1590 114 1685 163 171

153 244 364 295 Rectius
387 244 626 292 Albanam
652 242 782 290 fumo
806 241 1049 290 duraveris
1073 257 1231 288 uvam.

154 330 300 380 Hanc
323 346 413 394 ego
436 344 547 376 cum
571 328 724 383 malis,
750 344 840 390 ego
865 327 1031 375 faecem
1054 326 1236 389 primus
1259 334 1307 373 et
1330 325 1483 384 halec,

154 415 343 463 Primus
367 422 415 461 et
438 412 654 460 invenior
677 411 811 474 piper
836 412 1010 470 album,
1036 426 1147 458 cum
1172 410 1269 457 sale
1293 409 1431 472 nigro

154 499 417 554 Incretum,
442 497 573 560 puris
597 495 996 558 circumposuisse
1022 494 1209 542 catillis.
1630 492 1694 539 75

154 583 372 631 Immane
396 590 468 629 est
491 581 657 628 vitium
681 581 794 627 dare
819 579 968 626 millia
991 588 1129 626 terna
1147 578 1364 635 macello,

154 668 468 731 Angustoque
492 682 636 729 vagos
658 665 816 728 pisces
839 680 1010 727 urgere
1035 664 1211 711 catino.

154 751 338 816 Magna
360 759 519 799 mov'et
543 750 789 797 stomacho
813 748 1017 808 fastidia,
1043 764 1127 795 seu
1151 763 1269 812 puer
1293 746 1454 794 unctis

154 835 405 884 Tractavit
428 835 630 882 calicem
655 834 891 893 manibus,
917 834 1032 880 dum
1057 832 1181 879 furta
1204 832 1391 895 ligurrit
1411 848 1422 889 ;

155 921 268 968 Sive
292 920 450 983 gravis
474 919 623 966 veteri
648 927 846 966 craterae
872 918 1013 964 limus
1037 916 1252 964 adhaesit.
1633 913 1698 961 80

155 1005 345 1052 Vilibus
369 1005 418 1051 in
444 1004 615 1066 scopis,
642 1003 692 1050 in
717 1002 914 1065 mappis,
941 1002 991 1048 in
1016 1002 1175 1060 scobe,
1202 1008 1411 1063 quantus

156 1089 391 1137 Consistit
414 1097 631 1151 sumptus
653 1089 672 1134 Ἰ
709 1087 959 1150 neglectis,
986 1085 1219 1149 flagitium
1245 1085 1431 1147 ingens.

153 1174 280 1221 Ten'
306 1173 490 1236 lapides
514 1172 670 1219 varios
692 1172 925 1219 lutulenta
949 1172 1116 1217 radere
1140 1169 1313 1232 palma,

155 1258 219 1305 Et
242 1257 417 1319 Tyrias
442 1258 557 1303 dare
583 1256 767 1303 circum
792 1256 922 1302 illota
945 1255 1113 1302 toralia
1133 1263 1303 1309 vesteS‚

151 1342 371 1390 Oblitum
396 1340 574 1403 quanto
602 1357 766 1388 curam
787 1349 1121 1402 sumptumque
1146 1340 1380 1386 minorem
1634 1338 1701 1384 85

154 1426 278 1474 Haec
303 1427 522 1483 habeant,
547 1424 682 1471 tanto
707 1423 930 1486 reprendi
951 1424 1126 1485 justius
1150 1423 1242 1469 illis

151 1510 280 1562 Quae
304 1510 397 1556 nisi
421 1508 647 1556 divitibus
671 1515 912 1569 nequeant
937 1506 1217 1569 contingere
1243 1504 1423 1552 mensis
1443 1506 1462 1552 ’ἔ

763 1602 1018 1631 HORATIUS.

153 1664 308 1712 Docte
333 1664 458 1720 Cati,
483 1679 568 1727 per
593 1662 855 1710 amicitiam
879 1663 1105 1724 divosque
1127 1669 1339 1725 rogatus,

152 1748 348 1798 Ducere
373 1765 449 1796 me
475 1748 707 1804 auditum,
732 1763 904 1811 perges
927 1746 1230 1810 quocunque,
1257 1754 1516 1795 memento.

148 1832 299 1889 Nam,
322 1833 538 1896 quamvis
561 1833 739 1881 referas
763 1831 963 1880 memori
987 1832 1105 1879 mihi
1129 1840 1326 1895 pectore
1352 1839 1546 1891 cuncta,
1632 1830 1700 1878 90

154 1915 268 1963 Non
292 1924 453 1963 tamen
477 1916 711 1979 interpres
734 1916 1018 1963 tantundem
1037 1915 1216 1979 juveris
1238 1931 1248 1963 :
1285 1916 1408 1962 adde

153 1999 356 2047 Vultum
383 2000 691 2061 habitumque
716 2000 953 2057 hominis3
990 2016 1132 2062 quem
1155 2008 1207 2046 tu
1231 1999 1406 2046 vidisse
1430 1999 1602 2047 beatus

155 2083 269 2131 Non
293 2084 455 2147 magni
479 2083 664 2145 pendiS‚
690 2084 800 2145 quia
824 2083 1053 2146 contigit:
1092 2091 1140 2130 at
1162 2083 1281 2129 mihi
1306 2099 1422 2131 cura

156 2167 272 2216 Non
295 2168 549 2214 mediocris
573 2167 711 2226 inest,
738 2167 892 2215 fontes
916 2175 969 2214 ut
993 2167 1123 2214 adire
1148 2177 1355 2215 remotos

158 2251 317 2316 Atque
342 2251 531 2300 haurire
555 2267 726 2315 queam
749 2251 856 2299 vitae
879 2259 1119 2315 praecepta
1136 2251 1302 2299 beatae.
1634 2251 1700 2299 95

707 2654 975 2703 SATIRA
1011 2655 1073 2703 V.

789 2800 1002 2827 ULYSSES.

160 2861 272 2908 Hoc
297 2877 498 2923 quoque,
525 2860 729 2919 Tiresia,
754 2868 924 2924 praeter
948 2868 1152 2920 narrata,
1177 2861 1360 2923 petenti

157 2945 437 3008 Responde,
463 2945 634 3007 quibus
660 2944 858 2992 amissas
880 2961 1105 3007 reparare
1129 2962 1301 3008 queam
1325 2962 1402 2994 res

158 3029 359 3078 Artibus
384 3037 524 3093 atque
547 3029 716 3077 modis.
784 3028 921 3080 Quid
946 3028 1109 3078 rides?
