1894 3188
584 119 986 159 EPISTOLARUM
1011 119 1118 158 LIB.
1148 120 1181 159 1.
1577 123 1679 169 217

163 245 360 293 Potores
383 245 530 293 bibuli
554 246 708 292 media
732 246 790 293 de
817 253 954 292 nocte
979 244 1171 291 Falerni

165 329 385 377 Oderunt
406 338 621 392 porrecta
639 338 892 391 negantem
915 329 1110 392 pocula3
1148 329 1357 390 quamvis

167 413 440 461 Nocturnos
458 414 586 476 jures
612 422 656 459 te
682 413 929 459 formidare
957 428 1164 475 vaporeS.

170 495 321 544 Deme
346 497 595 560 supercilio
619 497 821 543 nubem:
858 495 1129 559 plerumque
1154 496 1392 543 modestus
1623 497 1688 543 90

171 579 391 643 Occupat
413 580 601 627 obscuri
626 580 848 642 speciem,
869 580 1132 626 taciturnus
1158 581 1328 627 acerbi.

236 663 366 711 Inter
390 673 564 711 cuncta
586 664 731 726 leges,
757 673 803 710 et
826 665 1163 726 percontabere
1183 665 1362 720 doctOS‚

172 746 287 798 Qua
309 747 487 795 ratione
512 764 657 809 queas
682 749 928 795 traducere
953 748 1121 794 leniter
1151 764 1299 794 aevum
1320 765 1332 804 3

174 830 252 877 Ne
276 839 322 878 te
347 847 530 893 semper
554 831 689 893 inops
715 832 860 893 agitet
883 840 1111 892 vexetque
1137 831 1323 893 cupido,

176 914 254 961 Ne
276 930 430 977 pavor,
457 923 504 961 et
522 931 677 961 rerum
704 915 1004 962 mediocriter
1029 915 1216 961 utilium
1241 930 1346 976 spes
1368 931 1378 959 ε
1631 915 1695 960 95

175 998 412 1044 Virtutem
437 998 653 1045 doctrina
678 1007 821 1060 paret,
848 1006 1082 1044 naturane
1108 999 1251 1044 donet
1274 1014 1285 1055 ;

177 1080 312 1131 Quid
336 1082 520 1127 minuat
543 1097 696 1136 curaS,
723 1082 834 1142 quid
859 1089 904 1127 te
928 1081 1013 1127 tibi
1038 1082 1205 1127 reddat
1230 1080 1435 1127 amicum
1456 1097 1469 1137 ;

177 1163 313 1214 Quid
336 1163 452 1226 pure
476 1165 759 1226 tranquillet,
786 1166 947 1223 honos,
975 1181 1036 1210 an
1061 1165 1200 1213 dulce
1225 1165 1463 1223 lucellum,

179 1247 259 1293 An
285 1257 520 1294 secretum
546 1248 649 1303 iter,
674 1257 721 1293 et
747 1248 950 1294 fallentis
976 1249 1144 1294 semita
1168 1249 1288 1295 vitae.

245 1330 330 1377 Me
354 1331 535 1392 quoties
559 1331 711 1377 reficit
733 1332 917 1393 gelidus
941 1332 1169 1394 Digentia
1200 1333 1342 1388 rivus,
1611 1332 1702 1377 100

179 1413 343 1464 Quem
368 1415 596 1482 Mandela
620 1415 750 1473 bibit,
777 1431 975 1477 rugosus
1001 1415 1171 1477 frigore
1195 1431 1360 1477 pagus,

178 1496 315 1547 Quid
340 1497 512 1543 sentire
536 1506 672 1558 putas
693 1500 710 1542 2
748 1498 859 1559 quid
884 1499 1052 1557 credis,
1081 1499 1248 1554 amice,
1273 1499 1456 1560 precari
1478 1500 1496 1543 Ἰ

184 1586 210 1606 “
233 1581 306 1627 Sit
330 1581 444 1627 mihi
469 1583 591 1642 quod
615 1598 744 1628 nunc
768 1590 854 1637 est,
881 1582 1023 1628 etiam
1048 1582 1205 1628 minus
1231 1599 1239 1628 :
1277 1590 1324 1628 et
1347 1582 1463 1628 mihi
1487 1581 1638 1628 vivam

180 1664 330 1716 Quod
354 1675 567 1727 superest
589 1666 691 1721 aevi,
717 1666 755 1712 si
779 1666 891 1727 quid
917 1682 1161 1728 superesse
1186 1666 1348 1713 volunt
1372 1666 1419 1712 di
1439 1684 1448 1711 ε

187 1749 260 1795 Sit
282 1749 406 1795 bona
427 1749 651 1796 librorum
676 1759 722 1795 et
745 1750 939 1812 provisae
966 1749 1112 1812 frugis
1137 1749 1185 1795 in
1211 1766 1392 1797 annum
1613 1750 1705 1797 105

185 1832 364 1894 Copia3
403 1849 496 1879 neu
520 1833 698 1879 fluitem
724 1833 877 1879 dubia-:-
903 1850 983 1895 spe
1006 1834 1241 1895 pendulus
1266 1834 1406 1880 horae.

190 1915 286 1961 Sed
310 1913 422 1962 satis
445 1924 517 1962 est
539 1932 671 1962 orare
696 1916 862 1963 Jovem
886 1933 988 1977 quae
1013 1918 1156 1963 donat
1178 1925 1225 1962 et
1249 1917 1400 1963 aufert
1421 1934 1431 1961 z

189 1997 284 2044 Det
305 1998 464 2054 vitam,
490 1999 569 2045 det
592 2015 704 2061 opes
725 2016 735 2056 3
775 2015 958 2060 aequum
982 1999 1047 2045 mi
1073 1999 1282 2046 animum
1306 2000 1405 2062 ipse
1429 1999 1647 2061 parabo.''

658 2403 995 2451 EPISTOLA
1029 2404 1170 2452 XIX.

698 2552 763 2582 AD
787 2552 1129 2584 MAECENATEM.

192 2671 374 2719 Pmsco
398 2669 437 2716 si
459 2669 628 2728 credis,
654 2668 894 2716 Maecenas
921 2670 1076 2726 docte,
1102 2669 1315 2728 Cratino,

191 2753 338 2801 Nulla
359 2753 546 2816 placere
569 2753 650 2800 diu
676 2769 767 2800 nec
786 2753 939 2800 vivere
963 2753 1176 2800 carmina
1198 2762 1409 2815 possunt,

191 2836 318 2887 Quae
342 2836 610 2884 scribuntur
635 2853 765 2898 aquae
788 2836 1029 2898 potoribus
1049 2853 1060 2882 z
1096 2844 1148 2883 ut
1171 2835 1296 2884 male
1321 2853 1459 2886 sanos

195 2920 462 2983 Adscripsit
483 2921 626 2969 Liber
651 2920 832 2983 Satyris
856 2920 1129 2982 Faunisque
1147 2923 1331 2983 poetas,

195 3003 324 3052 Vina
346 3002 445 3053 fere
468 3005 631 3054 dulces
654 3005 875 3053 oluerunt
897 3003 1038 3054 mane
1062 3003 1321 3053 Carnoenae.
1685 3010 1716 3055 5

649 3089 710 3136 19
