1894 3188
667 87 997 130 SATIRARUM
1023 86 1130 126 LIB.
1162 87 1195 125 Ι.

737 229 1002 278 SATIRA
1022 191 1137 302 [Vh.

703 363 770 395 AD
807 362 1155 395 MAECENATEM.

191 467 242 516 N
246 429 478 529 oNsquia,
505 465 764 534 MaecenaS‚
789 465 1035 527 Lydorum
1060 463 1290 526 quidquid
1316 463 1547 511 Etruscos

191 552 400 599 Incoluit
424 551 560 609 fines,
585 566 726 597 nemo
750 549 1028 612 generosior
1053 558 1125 595 est
1148 557 1194 595 te
1215 566 1226 606 ;

189 635 299 683 Nec
323 636 445 697 quod
472 651 586 682 avus
610 634 696 681 tibi
722 623 966 680 maternus
991 633 1079 679 fuit
1104 641 1243 694 atque
1268 619 1494 694 paternus

191 719 323 767 Olim
348 720 427 782 qui
453 719 639 782 magnis
663 718 934 781 legionibus
959 716 1285 780 imperitarent
1305 733 1316 774 3

190 803 255 852 Ut
277 805 490 867 plerique
515 804 683 862 solent,
710 819 828 849 naso
852 802 1104 864 suspendis
1129 802 1318 848 adunco

192 888 407 953 IgnotOS,
436 898 487 935 ut
513 904 588 935 me
613 888 837 934 libertino
861 896 994 949 patre
1019 895 1184 933 natum
1206 902 1217 931 ε

191 972 359 1024 Quum
386 973 562 1020 referre
589 988 752 1034 negaS,
779 971 904 1034 quali
930 972 990 1018 sit
1014 971 1210 1032 quisque
1229 977 1427 1032 parente

192 1057 366 1113 Natus,
393 1058 506 1103 dum
533 1037 787 1119 ingenuus.
859 1055 1129 1101 Persuades
1155 1055 1246 1100 hoc
1270 1053 1355 1100 tibi
1380 1051 1506 1113 vere,

193 1141 326 1188 Ante
351 1149 634 1203 potestatem
661 1139 792 1185 Tulli
817 1148 955 1200 atque
981 1131 1190 1201 ignobile
1214 1153 1433 1209 regnum,

193 1224 377 1271 Multos
401 1224 528 1286 saepe
553 1224 677 1270 viros
702 1223 846 1269 nullis
870 1222 1130 1285 majoribus
1153 1230 1279 1268 ortos
1341 1215 1344 1217 ’

192 1308 256 1355 Et
279 1308 450 1354 vixisse
476 1308 660 1369 probos,
688 1288 855 1368 amplis
880 1315 928 1352 et
952 1305 1211 1352 honoribus
1236 1313 1428 1352 auctos:

193 1390 389 1449 Contra,
416 1391 680 1448 Laevinum,
707 1389 870 1435 Valeri
896 1405 1065 1451 genus,
1092 1389 1219 1434 unde
1246 1389 1492 1451 Superbus

193 1475 488 1538 Tarquinius
512 1491 662 1537 regno
686 1474 850 1536 pulsus
877 1473 980 1528 fuit,
1008 1473 1150 1519 unius
1175 1472 1293 1518 assis

192 1560 307 1608 Non
332 1576 542 1622 unquam
566 1559 722 1621 pretio
745 1558 893 1621 pluris
918 1557 1127 1612 licuisse,
1155 1565 1350 1604 notante

194 1645 387 1704 Judice,
414 1660 554 1706 quem
581 1643 724 1698 nosti,
750 1642 941 1705 populo,
969 1641 1049 1703 qui
1074 1642 1244 1689 stultus
1270 1642 1474 1688 honores

196 1727 334 1791 Saepe
361 1729 442 1775 dat
466 1727 678 1790 indignis
703 1735 750 1773 et
776 1727 911 1772 famae
937 1725 1080 1772 servit
1104 1725 1293 1788 ineptus
1314 1742 1338 1782 ;·

153 1877 160 1879 -
191 1811 296 1862 Qui
320 1820 478 1874 stupet
501 1812 551 1858 in
576 1811 726 1857 titulis
751 1819 798 1857 et
822 1810 1128 1872 imaginibus.
1197 1809 1334 1860 Quid
1358 1818 1542 1872 oportet

194 1895 298 1942 Nos
323 1895 499 1953 facere,
526 1912 554 1941 a
576 1895 717 1956 vulgo
740 1893 884 1956 longe
908 1892 1098 1955 lateque
1123 1895 1363 1940 remotos?

194 1977 418 2039 Namque
444 1987 561 2032 esto,
587 1977 790 2039 populus
815 1977 1010 2023 Laevino
1033 1977 1198 2023 mallet
1222 1978 1451 2023 honorem

193 2060 360 2112 Quam
387 2061 539 2107 Decio
564 2061 791 2106 mandare
816 2076 938 2106 novo
958 2077 969 2117 3
1007 2047 1270 2121 censorque
1294 2069 1505 2107 moveret

196 2145 399 2207 Appius,
425 2145 636 2207 ingenuo
661 2144 699 2190 si
725 2161 820 2190 non
846 2160 1000 2190 essem
1024 2153 1156 2206 patre
1181 2153 1322 2191 natus
1343 2161 1354 2190 :

193 2229 286 2276 Vel
313 2228 500 2284 merito,
527 2228 751 2290 quoniam
776 2228 825 2274 in
851 2227 1038 2290 propria
1063 2244 1158 2274 non
1182 2228 1305 2290 pelle
1329 2228 1583 2290 quiessem.

194 2314 291 2360 Sed
320 2313 530 2375 fulgente
556 2313 699 2359 trahit
723 2312 1005 2359 constrictos
1029 2312 1192 2359 Gloria
1217 2329 1360 2360 curru

192 2397 306 2444 Non
333 2396 491 2442 minus
516 2397 703 2459 ignotos
727 2396 985 2458 generosis.
1055 2396 1172 2447 Quo
1197 2397 1298 2456 tibi,
1325 2397 1473 2457 Tulli,

194 2481 395 2527 Sumere
422 2480 688 2542 depositum
714 2480 917 2535 clavum,
944 2458 1140 2542 fierique
1172 2481 1400 2529 tribuno'!

192 2563 382 2610 Invidia
406 2564 629 2619 accrevit,
655 2564 834 2626 privato
858 2576 961 2626 quae
988 2565 1140 2612 minor
1165 2574 1320 2624 esset3

1637 88 1733 136 137

1702 799 1734 844 ιη

1679 1218 1740 1266 10

1668 2485 1733 2531 ²00,

191 2648 335 2706 Nam,
363 2659 415 2695 ut
438 2649 636 2710 quisque
662 2648 859 2694 insanus
884 2649 1033 2711 nigris
1057 2650 1267 2697 medium
1292 2650 1508 2714 impediit
1531 2667 1642 2699 crus

190 2732 417 2788 Pellibus,
444 2742 491 2779 et
515 2733 662 2795 latum
687 2732 878 2779 demisit
900 2741 1091 2795 pectore
1117 2734 1321 2791 clavum,

193 2788 347 2862 Asudit
387 2815 635 2872 continuo,
675 2815 853 2866 “Quis
890 2817 1031 2864 homo
1071 2817 1235 2864 hio‘!”
1288 2827 1349 2878 et,
1394 2820 1557 2872 “Quo
1595 2830 1728 2885 patre

320 2908 460 2946 natus
481 2902 499 2946 Ἰ
517 2902 543 2921 ”

188 2981 266 3042 Ut,
293 2983 332 3030 si
355 2984 435 3046 qui
461 2992 656 3047 aegrotet
679 3001 772 3047 quo
795 2985 960 3034 morbo
983 2985 1176 3043 Barrus,
1202 2986 1366 3034 haberi

586 3064 677 3115 12*

1665 2989 1730 3037 30
