1894 3188
200 96 301 148 192
734 90 786 137 Q.
815 89 1058 131 HORATII
1086 91 1298 132 FLACCI

259 220 339 268 Ire
363 219 489 266 viam
512 219 605 280 qua
629 225 863 265 monstret
887 234 1052 280 equeS.
1122 219 1406 281 Venaticus‚
1433 237 1494 270 ex
1521 238 1617 286 quo
1750 225 1816 274 65

261 304 506 367 Tempore
532 303 778 351 cervinam
802 303 977 366 pellem
1001 303 1192 352 latravit
1216 305 1262 352 in
1292 306 1418 363 aula,

261 388 441 437 Militat
465 388 514 436 in
540 388 670 436 silvis
695 388 898 435 catulus,
967 388 1018 436 N
1024 406 1118 437 une
1143 390 1318 437 adhibe
1342 407 1463 453 puro

261 473 462 522 Pectore
487 473 646 530 verba,
672 490 791 536 puer
813 490 825 531 3
862 490 996 521 nunc
1021 484 1067 521 te
1091 475 1369 522 melioribus
1392 476 1527 525 offer.

258 558 376 610 Quo
400 558 547 605 semel
572 566 646 605 est
669 558 854 605 imbuta
877 575 1064 616 recens,
1091 560 1298 607 servabit
1320 560 1518 608 odorem

259 643 413 691 Testa
436 643 534 689 diu.
603 641 756 694 Quod
781 644 821 690 si
847 659 1024 701 cessas,
1051 653 1132 692 aut
1157 654 1380 692 strenuus
1405 645 1575 706 anteiS‚
1747 647 1812 694 70

258 727 367 775 Nec
389 728 579 774 tardum
603 727 840 791 opperior,
866 744 959 776 nec
983 730 1370 792 praecedentibus
1394 730 1536 778 insto.

759 1145 1105 1194 EPISTOLA
1142 1146 1238 1194 III.

733 1297 800 1328 AD
825 1297 1011 1329 JULIUM
1036 1297 1253 1329 FLORUM.

252 1417 368 1466 JUL1
393 1417 552 1472 Flore,
578 1414 751 1477 quibus
775 1422 1010 1461 terrarum
1034 1416 1206 1462 militet
1229 1416 1325 1463 oris

250 1501 485 1549 Claudius
506 1499 716 1562 Augusti
741 1498 1003 1560 privignus,
1031 1499 1154 1545 scire
1180 1500 1359 1547 laboro.

250 1586 510 1635 Thracane
536 1599 632 1641 vos,
660 1582 950 1642 Hebrusque
977 1582 1122 1628 nivali
1149 1584 1382 1645 compede
1407 1583 1613 1640 vinctus,

251 1670 334 1718 An
359 1669 478 1716 freta
501 1667 685 1714 vicinas
711 1666 836 1712 inter
862 1666 1107 1712 currentia
1131 1675 1303 1723 turres,

249 1756 331 1802 An
356 1754 561 1816 pingues
586 1751 717 1797 Asiae
744 1750 902 1812 campi
928 1751 1168 1812 collesque
1194 1760 1438 1815 morantur
1461 1753 1479 1797 ’Ξ
1770 1755 1802 1799 5

246 1838 385 1890 Quid
409 1837 621 1885 studiosa
644 1836 816 1882 cohors
852 1851 1050 1897 operum
1076 1836 1216 1882 struit
1238 1837 1256 1881 C?
1295 1836 1418 1883 Haec
1442 1852 1629 1900 quoque
1654 1852 1798 1885 curo:

245 1922 376 1975 Quis
401 1922 492 1969 sibi
516 1937 592 1968 res
616 1928 776 1983 gestas
802 1920 1014 1982 Augusti
1039 1921 1249 1967 scribere
1275 1921 1455 1967 sumit?

246 2008 385 2057 Bella
408 2007 513 2069 quis
537 2015 585 2053 et
607 2021 753 2068 paces
777 2005 976 2067 longum
1000 2005 1226 2052 diffundit
1250 2006 1299 2052 in
1325 2021 1478 2053 aevum
1499 2007 1519 2051 ’.Ρ

243 2092 382 2144 Quid
407 2091 587 2147 Titius,
613 2091 842 2137 Romana
867 2088 998 2135 brevi
1022 2098 1252 2136 venturus
1278 2090 1327 2136 in
1352 2105 1448 2148 ora,

244 2176 491 2225 Pindarici
516 2175 660 2223 fontis
684 2175 764 2236 qui
789 2190 886 2220 non
910 2174 1138 2236 expalluit
1164 2175 1378 2230 haustus,
1737 2175 1798 2220 10

244 2261 483 2309 Fastidire
507 2260 642 2307 lacus
666 2267 714 2305 et
737 2257 862 2305 rivos
887 2274 1031 2304 ausus
1056 2266 1246 2320 apertos
1271 2259 1287 2304 Τ

243 2346 309 2394 Ut
332 2346 493 2393 valet?
528 2353 581 2392 ut
605 2343 825 2391 meminit
849 2343 998 2389 nostri
1020 2345 1038 2388 'l
1075 2342 1316 2389 fidibusne
1341 2341 1530 2389 Latinis

242 2430 507 2478 Thebanos
531 2437 693 2491 aptare
721 2427 887 2474 modos
911 2427 1086 2482 studet,
1115 2426 1309 2489 auspice
1334 2425 1515 2473 Musa?

244 2515 327 2562 An
351 2513 536 2577 tragica
560 2512 756 2559 desaevit
780 2521 828 2558 et
853 2511 1140 2574 ampullatur
1165 2511 1215 2558 in
1242 2512 1380 2558 arte?

241 2599 380 2650 Quid
426 2597 544 2645 mihi
593 2597 766 2644 Celsus
807 2596 907 2659 agit
928 2597 945 2642 ’ἒ
994 2595 1218 2654 ῐηοηίῐιι5,
1259 2594 1555 2657 multumque
1594 2607 1791 2641 monen-

375 2683 481 2738 dus,
1729 2678 1790 2725 15

242 2765 459 2814 Privatas
483 2774 536 2812 ut
559 2773 740 2828 quaerat
762 2780 890 2827 opes,
917 2772 965 2811 et
989 2777 1188 2826 tangere
1212 2763 1329 2810 vitet

242 2849 434 2912 Scripta
457 2849 704 2896 Palatinus
727 2864 1026 2910 quaecunque
1051 2848 1234 2910 recepit
1258 2847 1432 2910 Apollo
1452 2864 1464 2893 z

239 2932 337 2990 Ne,
363 2932 403 2980 si
428 2932 544 2980 forte
570 2949 681 2980 suas
704 2932 959 2995 repetitum
985 2931 1170 2979 venerit
1191 2931 1305 2978 olim

241 3016 373 3065 Grex
395 3016 553 3066 avium
576 3016 780 3079 plumas,
806 3024 994 3064 moveat
1018 3015 1265 3063 cornicula
1295 3015 1458 3074 risum,
