1894 3188
167 134 268 184 134
703 129 752 175 Q.
782 129 1021 168 HORATII
1049 128 1256 168 FLAcci

229 255 487 304 Differtum
511 255 687 315 nautis,
713 254 1011 317 cauponibus
1037 263 1177 317 atque
1203 254 1443 317 malignis.

227 339 340 389 Hoc
364 340 452 386 iter
477 339 637 403 ignavi
662 339 925 395 divisimus,
952 337 1094 386 altius
1118 355 1173 386 ac
1194 355 1280 385 nos
1745 340 1777 386 5

228 424 511 496 Praecinctis
535 440 718 471 unum:
756 423 916 470 minus
940 432 1012 470 est
1035 423 1192 486 gravis
1217 422 1381 484 Appia
1407 390 1567 468 tardis.

227 509 327 557 Hic
350 525 456 572 ego,
482 494 672 571 propter
698 524 885 571 aquam,
911 505 1038 570 quod
1064 516 1165 554 erat
1190 507 1460 565 deterrima,
1487 506 1640 553 ventri

226 593 399 641 Indico
423 593 615 652 bellum,
642 590 891 640 coenantes
915 593 1044 640 haud
1071 592 1231 639 animo
1257 608 1390 653 aequo

226 678 528 741 Exspectans
551 677 767 725 comites.
838 677 867 724 J
872 693 947 724 am
972 694 1067 724 nox
1091 677 1322 724 inducere
1348 676 1485 723 terris

225 761 448 819 Umbras,
474 770 523 809 et
546 762 669 809 coelo
693 761 963 808 diffundere
988 761 1129 824 signa
1147 761 1346 824 parabat
1367 777 1378 807 ι
1715 761 1774 807 10

224 847 358 896 Tum
381 846 518 910 pueri
542 847 717 903 nautis,
738 846 899 910 pueris
918 846 1137 893 convicia
1156 854 1314 892 nautae

226 931 472 996 Ingerere.
544 939 575 961 ‘⁶
595 931 709 978 Huc
735 930 966 994 appelle.''
1040 938 1070 960 ‘⁴
1089 915 1361 977 Trecentos
1386 929 1556 976 inseris
1577 946 1588 988 ;
1625 929 1715 977 ohe
1738 928 1748 974 ἲ

226 1017 258 1064 J
261 1033 337 1064 am
362 1014 477 1063 satis
501 1024 574 1063 est
596 1014 604 1061 !
629 1015 656 1037 ’⁷
695 1015 826 1063 Dum
852 1031 916 1062 aes
940 1015 1161 1078 exigitur,
1189 1015 1302 1060 dum
1330 1014 1458 1060 mula
1482 1014 1671 1077 ligatur,

224 1100 354 1150 Tota
378 1100 474 1149 abit
500 1101 630 1148 hora.
701 1099 823 1147 Mali
848 1099 1029 1146 culices
1051 1115 1275 1161 ranaeque
1299 1098 1534 1161 palustres

226 1187 466 1233 Avertunt
490 1201 712 1242 somnos3
750 1185 997 1232 absentem
1023 1193 1076 1231 ut
1101 1192 1262 1230 cantat
1287 1183 1492 1230 amicam
1715 1183 1774 1228 15

226 1269 385 1318 Multa
408 1270 623 1333 prolutus
646 1271 797 1332 vappa
821 1278 970 1316 nauta
994 1278 1133 1331 atque
1163 1270 1312 1316 viator

225 1354 461 1404 Certatim
483 1371 494 1401 2
532 1355 728 1402 tandem
753 1354 906 1401 fessus
930 1353 1135 1400 dormire
1160 1353 1310 1399 viator

227 1439 436 1502 Incipit3
474 1455 533 1485 ac
558 1439 714 1485 missae
738 1447 925 1501 pastum
948 1437 1213 1484 retinacula
1237 1437 1377 1483 mulae

227 1523 278 1572 N
282 1533 393 1570 auta
415 1522 549 1586 piger
574 1522 897 1584 sarm-religat,
913 1516 1166 1583 'stertitque
1189 1518 1401 1583 'supinus

229 1607 434 1669 Jamque
459 1606 562 1653 dies
586 1606 765 1659 aderat,
791 1621 935 1667 quum
962 1605 1028 1651 nil
1053 1605 1311 1668 procedere
1337 1604 1525 1651 lintrem
1709 1604 1774 1652 20

231 1691 478 1740 Sentimus
499 1707 511 1748 3
548 1691 704 1737 donec
729 1689 1009 1736 cerebrosus
1032 1689 1214 1751 prosilit
1241 1705 1376 1747 unus,

230 1777 309 1824 Ac
332 1776 473 1824 mulae
497 1783 748 1836 nautaeque
774 1784 917 1836 caput
939 1774 1218 1836 lumbosque
1243 1773 1428 1836 saligno

230 1861 378 1908 Fuste
404 1860 531 1907 dolat
552 1876 563 1906 ε
599 1861 765 1922 quarta
788 1859 866 1905 vix
892 1859 1083 1905 demum
1109 1859 1390 1920 exponimur
1415 1858 1543 1906 hora.

230 1945 333 1993 Ora
355 1960 618 2006 manusque
643 1945 723 1990 tua
747 1943 962 2001 lavimus,
990 1942 1213 1997 Feronia,
1240 1943 1446 2004 lympha.

229 2030 390 2078 Millia
413 2038 513 2076 tum
538 2028 699 2091 pransi
724 2027 817 2074 tria
841 2027 1067 2089 repimus,
1095 2036 1234 2088 atque
1255 2027 1473 2073 subimus
1705 2027 1770 2072 25

231 2113 514 2177 Impositum
540 2113 666 2160 saxis
690 2112 782 2159 late
808 2111 1128 2159 candentibus
1153 2111 1339 2157 Anxur.

231 2198 346 2246 Huc
369 2205 597 2244 venturus
621 2205 725 2244 erat
749 2196 1014 2251 Maeoenas,
1040 2195 1246 2258 optimus
1271 2204 1409 2257 atque

230 2281 485 2341 Cocceius,
512 2280 643 2328 missi
668 2280 856 2343 magnis
879 2280 938 2326 de
963 2280 1106 2327 rebus
1133 2289 1327 2342 uterque

229 2365 415 2429 Legati,
441 2381 630 2412 aversos
654 2364 779 2412 soliti
804 2380 1090 2426 componere
1115 2364 1309 2410 amicos,

230 2451 330 2499 Hic
354 2450 507 2498 oculis
530 2466 621 2513 ego
644 2449 783 2512 nigra
807 2449 926 2496 meis
950 2448 1145 2510 collyria
1167 2448 1323 2510 lippus
1707 2445 1771 2492 30

230 2534 439 2582 Illinere.
510 2533 703 2580 Interea
727 2532 972 2579 Maecenas
996 2531 1186 2578 advenit
1211 2541 1354 2592 atque

230 2618 487 2674 Cocceius,
513 2617 777 2680 Capitoque
802 2615 942 2662 simul
969 2615 1213 2674 Fonteius,
1240 2615 1296 2660 ad
1325 2628 1535 2676 unguem

229 2701 410 2751 Factus
434 2702 591 2757 homo,
619 2699 817 2759 Antoni,
844 2716 940 2746 non
965 2709 1017 2746 ut
1041 2697 1196 2761 magis
1221 2698 1353 2753 alter,
1380 2697 1579 2744 amicus.

296 2785 494 2833 Fundos
519 2785 714 2832 Aufidio
737 2784 897 2832 Lusco
919 2792 1119 2847 praetore
1143 2783 1347 2829 libenter

229 2870 529 2933 Linquimus,
557 2869 713 2916 insani
737 2869 947 2915 ridentes
974 2866 1169 2930 praemia
1192 2866 1376 2921 scribae,
1659 2863 1663 2868 ’
1707 2865 1770 2910 35

228 2953 531 3009 Praetextam,
557 2961 606 3000 et
628 2952 777 2999 latum
802 2952 1010 3007 olavum,
1036 2965 1297 3014 prunaeque
1323 2948 1553 2996 batillum.

229 3037 289 3086 In
315 3037 668 3085 Mamurrarum
692 3035 805 3084 lassi
829 3036 1004 3083 deinde
1032 3035 1149 3082 urbe
1178 3049 1442 3091 manemus,
