1894 3188
591 97 922 139 SATIRARUM
956 97 1063 137 LIB·
1094 97 1150 136 II.
1579 100 1672 149 181

132 229 275 278 Adde
299 244 456 292 super,
482 226 624 273 dictis
648 226 773 288 quod
798 241 895 273 non
919 223 1070 271 levius
1095 222 1254 270 valeat
1275 240 1286 271 ε
1323 239 1434 271 nam

131 315 244 362 Sive
269 313 472 361 vicarius
496 320 583 367 est,
608 311 688 373 qui
715 327 849 358 servo
871 318 1020 373 paret,
1046 307 1117 356 uti
1142 325 1244 356 mos

129 400 303 447 Vester
328 398 407 457 ait,
433 413 519 444 seu
543 411 801 443 conservus
822 412 834 452 3
871 395 957 442 tibi
982 394 1095 456 quid
1121 410 1226 440 sum
1251 410 1341 457 ego
1362 395 1380 440 ’ἔ
1418 393 1608 459 Nempe

128 483 226 542 Tu,
253 483 369 530 mihi
393 481 473 544 qui
498 481 756 543 imperitas,
784 480 888 526 aliis
913 479 1060 526 servis
1085 479 1244 536 miser,
1270 488 1410 542 atque
1609 481 1674 528 55

126 548 409 616 Duceris'ut
432 567 589 614 nervis
615 566 782 613 alienis
802 565 976 612 mobile
1009 564 1208 627 lignum.

127 653 370 705 Quisnam
395 652 538 715 igitur
564 651 682 697 liber
705 652 722 695 2
763 649 981 712 Sapiens,
1009 649 1099 695 sibi
1124 649 1203 711 qui
1230 649 1540 712 imperiosus3

126 738 292 790 Quem
316 753 470 799 neque
494 735 762 799 pauperies,
790 751 945 796 neque
983 751 1125 791 mors,
1152 750 1307 796 neque
1349 734 1542 782 vincula
1582 742 1674 782 ter-

257 830 391 880 rent;

127 907 436 970 Responsare
462 905 786 968 cupidinibus,
813 913 1123 952 contemnere
1149 904 1371 950 honores.

126 992 301 1050 Fortis,
328 1000 375 1038 et
399 991 448 1038 in
474 991 631 1052 seipso
658 999 799 1045 totus,
826 998 951 1036 teres
977 1000 1115 1050 atque
1143 988 1389 1044 rotundus,
1607 987 1672 1035 60

126 1075 327 1123 Externi
352 1092 412 1122 ne
437 1075 551 1136 quid
576 1074 729 1120 valeat
758 1090 840 1135 per
865 1073 967 1119 leve
994 1073 1165 1119 morari
1186 1089 1196 1130 ;

126 1159 186 1207 In
206 1176 347 1221 quem
373 1175 545 1206 manca
570 1159 664 1205 ruit
689 1174 875 1221 semper
902 1157 1130 1203 Fortuna.
1201 1156 1407 1203 Potesne

125 1244 201 1291 Ex
225 1244 299 1290 his
324 1253 376 1290 ut
399 1243 641 1305 proprium
665 1242 777 1304 quid
803 1258 1003 1288 noscere
1027 1243 1043 1286 Ἰ
1080 1241 1312 1302 Quinque
1337 1241 1517 1288 talenta

124 1327 286 1374 Poscit
310 1336 356 1373 te
382 1327 567 1381 mulier,
594 1335 748 1385 vexat,
771 1326 1042 1386 foribusque
1068 1325 1311 1387 repulsum

122 1411 376 1458 Perfundit
399 1411 557 1473 gelida
579 1426 589 1455 ε
628 1427 790 1456 rursus
816 1419 971 1456 vocat.
1043 1409 1188 1470 Eripe
1213 1409 1339 1471 turpi
1489 1397 1495 1412 ’
1605 1411 1669 1458 65

123 1495 260 1542 Colla
279 1495 428 1558 jugo:
468 1499 493 1519 “
516 1494 679 1549 Liber,
705 1494 824 1539 liber
851 1493 1005 1551 sum,”
1032 1493 1109 1538 dic
1136 1509 1238 1554 age.
1309 1492 1422 1539 Non
1447 1493 1583 1555 quis3

119 1579 272 1641 Urget
295 1579 422 1625 enim
451 1578 672 1625 dominus
700 1587 906 1625 mentem
934 1593 1029 1623 non
1054 1577 1192 1632 lenis,
1219 1585 1266 1623 et
1291 1593 1425 1624 acres

122 1663 374 1726 Subjectat
397 1663 521 1709 lasso
546 1663 778 1718 stimulos,
805 1671 1055 1723 versatque
1082 1670 1355 1723 negantem.

120 1747 230 1802 Vel,
256 1763 400 1809 quum
427 1747 660 1794 Pausiaca
685 1756 856 1809 torpes,
883 1746 1068 1800 insane,
1097 1745 1284 1803 tabella,

119 1829 222 1881 Qui
262 1848 437 1893 peccas
465 1830 626 1878 minus
667 1840 806 1892 atque
844 1847 950 1892 ogo,
989 1846 1134 1891 quum
1170 1829 1308 1875 Fulvi
1341 1829 1663 1893 Rutubaeque,

120 1914 223 1961 Aut
246 1914 543 1961 Placideiani
569 1924 798 1961 contento
821 1915 998 1976 poplite
1024 1914 1168 1959 miror
1601 1916 1661 1962 71

119 1998 310 2053 Proelia,
336 1998 526 2044 rubrica
549 1999 679 2060 picta
704 2007 783 2044 aut
809 1998 1017 2044 carbone
1040 2013 1051 2052 3
1090 1997 1217 2042 velut
1242 1996 1281 2042 si

119 2081 199 2129 Re
224 2083 332 2128 vera
357 2090 586 2144 pugnent,
614 2081 786 2127 feriant
811 2081 1053 2141 vitentque
1092 2089 1335 2127 moventes

118 2165 272 2212 Arma
295 2165 417 2212 viri?
456 2165 678 2226 Nequam
704 2174 751 2211 et
776 2173 984 2211 cessator
1010 2164 1201 2221 Davus;
1240 2174 1287 2211 at
1310 2165 1411 2228 ipse

117 2249 317 2297 Subtilis
341 2258 552 2296 veterum
574 2249 722 2311 judex
747 2257 794 2295 et
819 2249 1019 2295 callidus
1045 2250 1195 2296 audis.
1597 2254 1662 2301 75

116 2334 202 2381 Nil
227 2350 333 2396 ego,
359 2334 399 2380 si
424 2334 571 2380 ducor
595 2334 691 2380 libo
718 2333 957 2379 fumante:
995 2332 1080 2379 tibi
1106 2333 1277 2395 ingens

117 2418 284 2465 Virtus
309 2426 448 2480 atque
474 2418 660 2464 animus
686 2418 837 2463 ccenis
862 2426 1109 2479 responsat
1143 2418 1330 2480 opimis.

115 2502 415 2564 Obsequium
440 2501 618 2548 ventris
643 2501 758 2547 mihi
784 2501 1100 2564 perniciosius
1133 2511 1232 2548 est:
1269 2504 1395 2549 cur?
1434 2506 1441 2507 ’

116 2585 281 2649 Tergo
303 2587 484 2649 plector
509 2586 654 2632 enim.
723 2585 827 2635 Qui
853 2594 904 2632 tu
929 2585 1205 2647 impunitior
1229 2585 1326 2642 illa,

88 2664 242 2721 'Quae
265 2687 408 2733 parvo
433 2671 555 2718 sumi
581 2678 840 2732 nequeunt,
866 2686 1011 2732 quum
1036 2670 1234 2716 obsonia
1258 2673 1457 2733 captas?
1592 2675 1657 2722 80

115 2753 306 2817 Nempe
330 2755 686 2802 inamarescunt
710 2755 862 2816 epulae
887 2754 991 2800 sine
1016 2753 1110 2800 fine
1135 2754 1311 2817 petitae,

115 2838 344 2901 Illusique
368 2841 516 2902 pedes
540 2839 758 2886 vitiosum
785 2839 907 2886 ferre
931 2846 1157 2885 recusant

115 2922 315 2985 Corpus.
385 2924 467 2971 An
493 2924 572 2971 hic
595 2932 783 2986 peccat,
810 2924 898 2970 sub
923 2932 1113 2970 noctem
1138 2923 1216 2986 qui
1241 2939 1360 2987 puer
1383 2940 1523 2974 uvam

112 3005 358 3055 Furtivam
382 3016 534 3055 mutat
558 3008 728 3071 strigili
751 3009 768 3054 Τ
805 3008 885 3070 qui
909 3007 1088 3071 praedia
1112 3009 1289 3068 vendit,

439 3093 501 3139 16
