1894 3188
641 40 953 108 CARMiNUM
978 68 1086 108 LIB.
1115 69 1171 109 11.

376 194 488 241 Huc
512 194 641 250 vina,
667 201 716 241 et
739 203 1001 256 unguenta,
1028 203 1076 242 et
1098 194 1301 244 nimium
1326 197 1479 245 brevis

375 277 413 324 F
417 278 542 325 lores
565 293 777 325 amoenos
803 278 924 325 ferre
955 278 1070 342 jube
1094 295 1229 336 rosae,

437 359 566 408 Dum
601 377 693 417 res,
719 369 767 408 et
792 370 925 418 aetas,
952 350 1004 409 et‘
1024 363 1250 429 Sororum

502 443 610 491 Fila
634 444 776 491 trium
800 445 1043 507 patiuntur
1064 436 1184 494 atra.

372 527 529 574 Cedes
553 528 788 590 coemptis
813 529 1022 588 saltibus,
1048 520 1103 576 et'
1117 530 1275 586 domo,

372 611 595 673 Villaque
619 611 768 659 flavus
792 629 933 674 quam
957 614 1150 661 Tiberis
1172 615 1314 662 lavit:

434 695 593 743 Cedes
615 713 626 753 3
664 705 712 743 et
735 698 987 744 exstructis
1011 698 1061 744 in
1087 699 1236 745 altum

497 779 688 828 Divitiis
707 781 910 844 potietur
935 782 1101 828 haeres.

367 863 593 921 Divesne,
619 865 776 927 prisco
799 874 939 912 natus
962 866 1020 912 ab
1045 866 1240 926 Inacho,

368 947 451 994 Nil
475 948 687 1005 interest,
715 965 774 996 an
798 966 991 1012 pauper,
1012 957 1059 996 et
1083 950 1243 996 infima

430 1031 504 1078 De
524 1041 681 1094 gente,
709 1035 796 1080 sub
823 1034 930 1081 divo
955 1034 1164 1093 moreris,

494 1115 706 1164 Victima
730 1118 795 1164 nil
821 1117 1088 1164 miserantis
1107 1117 1239 1164 Orci.

363 1199 548 1246 Omnes
573 1200 744 1248 eedem
769 1202 984 1264 cogimur
1006 1218 1016 1248 ε
1053 1202 1266 1250 omnium

365 1282 594 1331 Versatur
619 1302 739 1332 urna
759 1302 770 1343 ;
809 1285 960 1332 serius
984 1284 1116 1333 ocius

429 1367 545 1414 Sors
568 1369 766 1428 exitura,
793 1378 840 1416 et
864 1385 950 1416 nos
975 1369 1024 1416 in
1051 1378 1279 1417 aeternum

492 1450 728 1500 Exsilium
754 1453 1030 1517 impositura
1054 1454 1250 1516 cymbae.

760 1876 900 1924 ODE
936 1877 1022 1924 IV.
1076 1901 1083 1909 ·

692 2025 756 2056 AD
794 2026 1090 2058 SEPTIMIUM.

358 2141 589 2197 SEPTIMI,
616 2142 775 2188 Gades
801 2143 983 2189 aditure
1008 2160 1210 2204 mecum,
1236 2154 1284 2192 et

296 2236 306 2248 ·
358 2224 654 2271 Cantabrum
678 2226 927 2273 indoctum
947 2227 1062 2290 juga
1087 2228 1206 2275 ferre
1230 2238 1404 2290 nostra,
1429 2241 1477 2278 et

286 2405 308 2432 d

354 2307 585 2356 Barbaras
614 2311 791 2372 Syrtes,
819 2311 899 2357 ubi
924 2311 1096 2358 Maura
1121 2328 1305 2376 semper

681 2394 874 2442 AEstuat
897 2396 1053 2442 unda:

355 2476 524 2534 Tibur,
552 2479 714 2541 Argeo
737 2479 941 2541 positum
967 2480 1148 2540 colono,

352 2561 425 2607 Sit
448 2577 566 2628 meae
591 2563 728 2610 sedes
754 2563 937 2610 utinam
963 2564 1198 2611 senectae!

297 2687 304 2697 ,
351 2644 424 2691 Sit
447 2647 616 2693 modus
639 2646 766 2694 lasso
791 2648 948 2704 maris,
975 2658 1022 2695 et
1046 2649 1241 2709 viarum,

675 2730 956 2794 Mllitiaeque
980 2731 989 2778 l

348 2811 490 2859 Unde
509 2813 548 2860 si
573 2813 734 2861 Parcae
758 2816 1009 2877 prohibent
1033 2815 1220 2879 iniquae,

346 2892 501 2944 Dulce
526 2898 700 2960 pellitis
723 2899 888 2946 ovibus
916 2900 1090 2947 Galaesi

1643 78 1711 126 33

1649 368 1708 413 15

1640 786 1705 833 20

1635 1204 1700 1252 25

1624 2905 1683 2953 10
