1894 3188
194 87 260 136 56

706 85 754 132 Q.
782 72 1018 126 HoRATn
1044 86 1246 128 FLAcm

585 210 858 260 Enceladus
878 213 1111 277 jaculator
1135 215 1306 271 audax,

456 293 636 342 Contra
657 304 904 343 sonantem
928 296 1132 343 Palladis
1155 298 1309 360 aegida

456 378 656 428 Possent
678 380 905 427 ruentes?
943 379 1074 427 Hinc
1098 381 1262 428 avidus
1285 381 1414 429 stetit
1466 372 1469 373 ⁷

518 464 794 521 Vulcanus;
832 463 946 511 hinc
969 472 1184 512 matrona
1206 465 1236 512 J
1239 481 1350 521 uno,
1375 473 1425 511 et

583 547 842 610 Nunquam
867 549 1075 595 humeris
1097 549 1335 612 positurus
1359 563 1536 605 arcum,

455 629 558 682 Qui
581 647 685 679 rore
709 648 826 695 puro
850 632 1070 680 Castaliae
1094 632 1206 680 lavit

455 714 626 763 Crines
650 716 842 772 solutos,
867 717 948 779 qui
972 717 1132 779 Lyciae
1156 725 1289 766 tenet

518 799 727 847 Dumeta
749 801 1049 863 natalemque
1075 801 1257 857 silvam,

581 882 749 931 Delius
773 893 820 931 et
844 884 1071 931 Patareus
1096 885 1282 945 Apollo.

453 966 542 1015 Vis
566 967 734 1014 consili
758 982 925 1028 expers
950 966 1072 1012 mole
1095 965 1189 1012 ruit
1212 968 1323 1012 sua:

456 1051 569 1100 Vim
592 1058 900 1112 temperatam
925 1048 973 1095 di
996 1065 1181 1110 quoque
1203 1050 1466 1112 provehunt

519 1134 579 1182 In
602 1134 754 1197 majus
775 1151 786 1180 ε
822 1133 950 1180 idem
972 1131 1117 1180 odere
1142 1131 1263 1180 vires

583 1218 743 1266 Omne
767 1217 902 1264 nefas
926 1217 1087 1265 animo
1110 1226 1368 1266 moventes.

455 1303 617 1351 Testis
641 1319 854 1350 mearum
879 1302 1178 1350 centimanus
1202 1303 1361 1366 Gyges

457 1387 812 1435 Sententiarum
833 1404 846 1444 3
882 1395 1023 1434 notus
1047 1395 1095 1433 et
1117 1387 1314 1450 integrae

519 1470 751 1518 Tentator
770 1470 922 1517 Orion
947 1471 1130 1529 Dianae,

581 1534 813 1617 Virginea
837 1553 1041 1599 domitus
1065 1553 1250 1616 sagitta.

454 1637 640 1701 Injecta
662 1636 883 1684 monstris
906 1645 1030 1683 terra
1053 1637 1179 1684 dolet
1204 1637 1315 1696 suis,

453 1721 720 1783 Moeretque
743 1730 904 1784 partus
929 1721 1124 1768 fulmine
1149 1721 1356 1768 luridum

518 1805 693 1853 Missos
717 1806 776 1852 ad
800 1805 982 1852 Orcum
1003 1821 1014 1850 ι
1050 1820 1141 1852 nec
1164 1805 1347 1867 peredit

582 1889 856 1952 Impositam
882 1889 1008 1936 celer
1032 1889 1155 1952 ignis
1180 1890 1359 1938 AEtnen
1380 1906 1390 1934 z

455 1974 808 2021 Incontinentis
832 1989 924 2020 nec
948 1973 1082 2035 Tityi
1101 1973 1238 2036 jecur

456 2057 706 2120 Relinquit
730 2058 842 2113 ales,
869 2056 1091 2118 nequitiae
1116 2056 1303 2103 additus

517 2141 719 2190 Custos:
757 2150 1012 2189 amatorem
1036 2149 1262 2188 trecentae

582 2225 846 2273 Pirithoum
870 2226 1095 2273 cohibent
1118 2234 1312 2272 catenae.

865 2598 1003 2646 ODE
1038 2599 1098 2646 V.

452 2733 607 2781 COELo
631 2739 872 2779 tonantem
898 2731 1186 2778 credidimus
1210 2731 1376 2779 Jovem

453 2817 708 2880 Regnare:
743 2830 951 2877 praesens
974 2815 1109 2861 divus
1140 2815 1389 2862 habebitur

519 2900 782 2962 Augustus,
808 2898 1005 2962 adjectis
1030 2898 1270 2945 Britannis

587 2983 809 3046 Imperio,
834 2983 1144 3047 gravibusque
1168 2982 1337 3031 Persis.

1716 548 1779 596 60

1717 967 1780 1014 65

1720 1388 1782 1433 70

1720 1806 1782 1852 75

1718 2225 1781 2273 80
