1894 3188
162 82 264 134 190
690 77 742 126 Q.
770 76 1014 118 HORATII
1050 76 1196 118 FLAC
1203 77 1260 118 CI

745 271 1092 322 EPISTOLA
1128 270 1197 319 II.

804 432 871 464 AD
907 432 1144 465 LOLLIUM.

229 552 460 601 TROJANI
485 554 598 602 belli
624 554 919 617 scriptorem,
947 552 1156 600 maxime
1176 551 1315 612 Lolli,

229 637 362 686 Dum
385 647 437 686 tu
462 639 704 687 declamas
730 640 919 695 Romae,
945 638 1189 686 Praeneste
1213 637 1364 702 relegi
1385 654 1395 696 ;

227 721 351 779 Qui,
377 723 491 785 quid
517 724 577 770 sit
599 724 871 786 pulchrum,
897 723 1011 785 quid
1036 731 1190 785 turpe,
1217 721 1331 784 quid
1356 721 1488 781 utile,
1515 721 1628 785 quid
1667 737 1781 781 non,

229 806 428 855 Planius
455 824 512 855 ac
538 807 707 855 melius
733 808 1002 870 Chrysippo
1027 815 1075 854 et
1099 807 1335 854 Crantore
1362 806 1496 853 dicit.

230 891 333 939 Cur
358 892 425 939 ita
448 893 750 952 crediderim,
777 893 870 940 nisi
895 892 1009 955 quid
1035 900 1082 938 te
1108 891 1308 947 detinet,
1336 890 1462 938 audi.

297 976 498 1037 Fabula,
524 979 615 1040 qua
641 977 826 1024 Paridis
850 985 1042 1040 propter
1066 985 1289 1023 narratur
1314 992 1528 1023 amorem

231 1061 423 1109 Graecia
446 1062 678 1109 barbariae
703 1063 834 1109 lento
859 1062 1026 1109 collisa
1049 1061 1224 1117 duello,

232 1146 499 1194 Stultorum
524 1163 693 1210 regum
718 1155 765 1194 et
788 1147 1072 1210 populorum
1098 1145 1314 1194 continet
1339 1153 1497 1192 aestus.

234 1232 457 1279 Antenor
482 1241 650 1279 censet
675 1233 787 1280 belli
811 1233 1076 1295 praecidere
1100 1247 1311 1279 causam.

230 1314 370 1367 Quid
396 1316 566 1363 Paris?
604 1326 657 1364 ut
681 1318 838 1364 salvus
862 1326 1038 1381 regnet
1055 1316 1274 1379 vivatque
1298 1301 1482 1374 beatuS‚

149 1460 153 1467 .
231 1399 358 1464 Cogi
381 1417 520 1463 posse
545 1410 705 1465 negat.
775 1402 954 1449 Nestor
979 1417 1268 1464 componere
1292 1401 1404 1448 lites

184 1535 187 1540 .
233 1472 594 1532 Inter⁵Peliden
620 1486 814 1532 festinat
838 1495 886 1533 et
910 1486 1035 1532 inter
1060 1485 1267 1532 Atriden
1288 1501 1300 1530 :

236 1567 386 1615 Hunc
412 1584 560 1623 amor,
586 1569 657 1615 ira
680 1569 874 1630 quidem
900 1569 1218 1616 communiter
1242 1568 1338 1615 urit
1361 1575 1629 1629 utrumque.

96 1674 100 1677 -
170 1651 486 1713 'w—,Quidquid
512 1651 718 1695 delirant
743 1666 895 1710 reges,
922 1652 1198 1710 plectuntur
1223 1651 1417 1697 Achivi.

234 1735 501 1793 seditione,
528 1733 665 1788 dolis,
684 1731 890 1791 scelere,
918 1740 1059 1794 atque
1083 1732 1285 1779 libidine
1309 1741 1358 1779 et
1381 1732 1467 1788 ira,

234 1821 410 1869 Iliacos
435 1819 560 1866 intra
584 1833 746 1864 muros
770 1824 1000 1879 peccatur
1025 1824 1074 1863 et
1097 1825 1245 1864 extra.

302 1906 510 1959 Rursus,
535 1902 650 1965 quid
675 1901 823 1948 virtus
848 1909 896 1947 et
919 1900 1033 1963 quid
1058 1900 1293 1963 sapientia
1315 1901 1477 1964 possit,

234 1989 365 2038 Utile
388 1987 633 2052 proposuit
658 1985 796 2033 nobis
821 1985 1063 2048 exemplar
1087 1985 1308 2048 Ulyssem
1329 2003 1342 2043 3

233 2074 356 2130 Qui,
383 2072 586 2120 domitor
612 2070 790 2133 Trojae,
817 2070 1073 2117 multorum
1098 2071 1322 2132 providus
1347 2069 1489 2117 urbes
1546 2088 1552 2099 ·

236 2160 302 2208 Et
324 2171 481 2206 mores
506 2156 754 2204 hominum
780 2155 1020 2217 inspexit3
1056 2154 1299 2217 latumque
1323 2171 1407 2217 per
1433 2170 1606 2217 aequor,

235 2244 368 2292 Dum
393 2242 498 2301 sibi,
527 2242 641 2288 dum
662 2240 806 2287 sociis
830 2239 1038 2286 reditum
1061 2248 1212 2302 parat,
1239 2255 1406 2302 aspera
1428 2239 1578 2287 multa

236 2328 456 2387 Pertulit,
483 2325 695 2373 adversis
720 2341 881 2372 rerum
905 2324 1242 2371 immersabilis
1266 2324 1424 2372 undis·

238 2413 467 2461 Sirenum
490 2426 632 2457 voces
657 2418 704 2456 et
729 2409 885 2456 Circae
911 2408 1084 2471 pocula
1107 2407 1269 2466 nosti3

235 2497 365 2548 Quae
391 2495 430 2542 si
455 2511 567 2542 cum
592 2494 735 2541 sociis
761 2493 932 2540 stultus
957 2492 1256 2555 cupidusque
1282 2491 1497 2548 bibisset,

240 2581 343 2628 Sub
368 2579 562 2626 domina
587 2577 840 2625 meretrice
867 2576 1034 2623 suisset
1058 2575 1208 2638 turpis
1233 2583 1282 2622 et
1303 2590 1488 2631 excors,
1511 2588 1515 2592 ’

238 2664 455 2712 Vixisset
479 2662 614 2710 canis
639 2661 932 2720 immundus,
959 2660 1033 2707 vel
1059 2659 1215 2706 amica
1237 2659 1337 2706 luto
1361 2674 1457 2705 sus.

305 2747 411 2794 Nos
435 2762 664 2793 numerus
689 2761 867 2804 sumUS‚
893 2753 942 2792 et
965 2744 1127 2808 fruges
1152 2759 1436 2791 consumere
1459 2741 1576 2798 nati,

240 2830 419 2894 Sponsi
445 2830 714 2893 Penelopae,
740 2829 1020 2888 nebulones,
1047 2828 1339 2890 Alcinoique

240 2915 301 2963 In
326 2922 438 2962 cute
462 2915 676 2962 curanda
699 2914 807 2977 plus
832 2929 966 2975 aequo
989 2920 1184 2975 operata
1203 2913 1459 2976 juventus3

241 2998 337 3048 Cui
359 2998 616 3063 pulchrum
641 2998 730 3046 fuit
754 2997 805 3046 in
829 2996 1011 3045 medios
1031 2995 1238 3045 dormire
1268 2995 1386 3056 dies,
1411 3001 1461 3042 et

1752 891 1785 937 5

1725 1313 1786 1359 10

1728 1734 1787 1781 15

1722 2154 1787 2201 20

1722 2573 1788 2621 25

1725 2991 1791 3040 30
