1894 3188
556 0 565 54 l

566 61 580 123 l·
732 102 839 144 ARS
868 104 1127 145 POETICA.

194 231 393 288 Fabula,
419 247 523 294 quae
545 229 680 293 posci
704 231 804 278 vult
828 240 876 279 et
900 240 1115 295 spectata
1138 231 1332 294 reponi:
1480 229 1493 308 ξ

194 316 304 364 Nec
328 317 446 363 deus
470 315 673 374 intersit?
698 315 791 362 nisi
816 315 992 378 dignus
1014 315 1205 362 vindice
1231 316 1386 362 nodus
1435 308 1512 359 ,st-⁹

194 399 455 447 Inciderit:
491 415 585 446 nec
609 407 776 460 quarta
799 399 928 461 loqui
951 415 1157 462 persona
1179 399 1497 481 laboret-ss

260 483 456 531 Actoris
477 491 637 546 partes
661 484 838 531 chorus
862 485 1171 546 officiumque
1195 484 1330 531 virile

193 567 465 625 Defendat;
502 583 599 614 neu
624 567 737 646 quid
762 568 946 615 medios
972 568 1233 615 intercinat
1265 577 1414 627 actus,
1472 578 1497 620 ,’

182 651 341 713 Quod
364 667 463 698 non
480 633 728 715 proposito
752 651 996 700 eonducat
1020 661 1068 700 et
1092 654 1271 700 haereat
1296 652 1436 716 apte:

193 732 282 779 Ille
306 731 444 780 bonis
469 733 736 795 faveatque,
761 742 810 780 et
834 733 1114 781 consilietur
1140 734 1342 781 amicis·
1330 770 1343 792 ,

195 817 256 864 Et
279 825 414 880 regat
439 817 600 876 iratos,
627 826 676 864 et
700 827 829 865 amet
851 835 1027 881 pacare
1052 828 1294 866 tumentes
1314 836 1328 876 3

193 901 282 948 Ille
307 901 454 963 dapes
477 902 645 948 laudet
668 918 848 949 mensae
874 903 1031 950 brevis
1053 921 1063 961 3
1102 903 1181 950 ille
1206 903 1447 950 salubrem

192 984 454 1040 Justitiam,
480 984 725 1048 legesque,
752 994 800 1033 et
826 987 1005 1049 apertis
1029 987 1126 1034 otia
1149 987 1324 1049 portis3

192 1068 281 1116 Ille
306 1078 437 1132 tegat
461 1063 737 1126 commissa,
776 1071 986 1133 deosque
1010 1082 1235 1134 precetur
1260 1080 1308 1119 et
1331 1080 1450 1127 oret,

191 1152 256 1200 Ut
278 1154 443 1213 redeat
466 1154 670 1210 miseriS,
698 1155 837 1202 abeat
861 1155 1055 1202 fortuna
1080 1156 1313 1218 superbis,
1367 1201 1371 1205 ,

231 1228 407 1286 *Tibia
429 1255 544 1295 non,
570 1248 623 1297 ut
647 1256 796 1295 nunc,
822 1240 1067 1287 orichalco
1091 1241 1269 1296 vincta,
1296 1241 1518 1302 tubaeque

191 1323 405 1381 AEmula,
431 1324 516 1369 sed
541 1313 699 1370 tenuis
724 1323 1018 1386 simplexque
1046 1325 1280 1372 foramine
1299 1341 1473 1387 pauco,

194 1406 458 1469 Adspirate
483 1415 531 1454 et
555 1408 726 1476 adesse
752 1408 912 1467 choris
936 1417 1038 1455 erat
1063 1409 1210 1464 utilis,
1232 1417 1374 1470 atque

189 1486 434 1537 Nondum*
449 1476 601 1554 spissa
624 1472 769 1538 nimis
793 1491 1035 1555 complere
1061 1493 1231 1539 sedilia
1255 1492 1388 1548 flatu,

186 1573 307 1625 Quo
333 1575 447 1622 sane
471 1575 676 1639 populus
700 1576 1030 1632 numerabilis,
1056 1585 1220 1639 utpote
1245 1593 1433 1639 parvus,

190 1657 253 1704 Et
277 1657 402 1709 fruoi
428 1668 685 1722 castusque
712 1661 1113 1723 verecundusque
1139 1661 1314 1708 coibat.

189 1741 448 1805 Postquain
474 1744 622 1806 coepit
647 1761 786 1807 agros
810 1746 1072 1792 extendere
1098 1745 1265 1802 victor,
1291 1755 1340 1808 et
1364 1746 1531 1793 urbem

189 1824 353 1873 Latior
378 1828 603 1889 amplecti
628 1845 810 1884 murus,
822 1829 1043 1919 vinoque
1069 1828 1286 1877 diurno?

189 1908 378 1956 Placari
402 1911 589 1958 Genius
614 1912 748 1958 festis
772 1902 975 1990 impune
998 1910 1184 1969 diebus,

190 1993 418 2040 Accessit
441 1995 749 2056 numerisque
774 1983 1022 2058 modisque
1047 1996 1245 2044 licentia
1268 1998 1433 2060 major.

190 2077 424 2124 Indoctus
448 2078 562 2138 quid
587 2079 718 2124 enim
745 2088 948 2150 saperet,
975 2080 1191 2142 liberque
1216 2081 1448 2140 laborum,

191 2161 428 2208 Rusticus
453 2161 640 2208 urbano
661 2151 909 2221 confusus,
937 2163 1088 2226 turpis
1114 2165 1350 2213 honesto?

189 2245 274 2291 Sic
297 2244 468 2306 priscae
493 2253 770 2307 motumque
796 2253 843 2292 et
867 2246 1106 2294 luxuriam
1133 2249 1318 2296 addidit
1344 2250 1432 2297 arti

191 2328 417 2387 Tibicen,
444 2328 682 2391 traxitque
708 2345 857 2392 vagus
880 2347 965 2393 per
990 2332 1176 2394 pulpita
1202 2343 1396 2381 vestem.

190 2412 277 2460 Sic
300 2413 447 2459 etiam
471 2412 645 2460 fidibus
669 2429 811 2461 voces
836 2417 1029 2462 crevere
1054 2417 1249 2473 severis,

190 2496 254 2543 Et
276 2497 386 2545 tulit
410 2496 652 2563 eloquium
677 2497 922 2546 insolitum
949 2499 1177 2548 facundia
1200 2518 1415 2565 praeceps
1436 2522 1446 2561 3

189 2579 487 2643 Utiliumque
511 2566 660 2644 sagax
683 2598 858 2639 rerum,
885 2592 932 2631 et
957 2584 1120 2632 divina
1144 2585 1306 2645 futuri,

192 2664 446 2728 Sortilegis
470 2681 567 2713 non
592 2665 853 2729 discrepuit
873 2670 1113 2716 sententia
1132 2669 1350 2732 Delphis.

255 2748 486 2796 Carmine
519 2750 599 2811 qui
624 2751 808 2812 tragico
832 2751 972 2799 vilem
999 2754 1198 2800 certavit
1222 2754 1284 2808 ob
1309 2750 1514 2813 hircum,

187 2831 310 2880 Mox
332 2833 477 2880 etiarn
503 2839 715 2897 agrestes
741 2836 939 2904 Satyros
963 2831 1178 2894 nudavit,
1205 2827 1272 2886 et‘
1280 2855 1417 2902 asper

185 2913 428 2963 Incolumi
453 2917 686 2980 gravitate
708 2918 874 2981 jocum
898 2921 1115 2978 tentavit,
1141 2920 1201 2969 eo
1221 2921 1351 2985 quod

189 2997 440 3051 Illecebris
465 3010 567 3050 erat
591 3011 640 3050 et
663 3004 800 3067 grata
824 3005 1035 3054 novitate
1060 3008 1322 3057 morandus

1639 107 1747 158 243

1653 229 1750 277 190
1786 232 1788 234 ·
1838 232 1852 248 „

1657 651 1752 699 195

1655 1071 1754 1118 200

1651 2336 1751 2384 215

1652 2757 1750 2804 2⁶20
