1894 3188
615 90 945 132 SATIRARUM
983 90 1090 130 LIB.
1120 89 1176 129 ΙΙ.

159 217 390 265 Adversae
415 217 600 264 nudare
626 218 796 274 solent,
818 217 975 264 celare
999 214 1271 262 secundae.’'

1605 91 1703 141 185

157 300 457 348 Nasidienus
482 301 541 348 ad
566 302 670 348 haec
692 318 702 347 ε
743 306 770 327 “
788 301 905 348 Tibi
930 300 993 356 di,
1019 313 1317 361 quaecunque
1351 296 1578 361 preceris,
1639 298 1703 344 75

158 384 425 432 Commoda
448 385 563 431 dent
584 401 597 441 3
634 385 701 431 ita
724 385 793 431 vir
821 384 972 432 bonus
995 399 1048 430 es
1072 382 1365 444 convivaque
1390 379 1589 430 comis.‘’

157 468 221 515 Et
245 469 400 516 soleas
423 468 591 531 poscit.
662 468 794 515 Tum
818 468 868 514 in
893 468 1018 514 lecto
1041 483 1227 529 quoque
1252 466 1441 514 videres

158 552 370 599 Stridere
395 553 580 599 secreta
604 551 781 599 divisos
806 568 919 598 aure
940 567 1173 599 susurros.

764 647 1018 674 HORATIUS.

157 705 329 753 Nullos
354 707 428 753 his
453 707 643 754 mallem
667 707 804 754 ludos
829 709 1097 770 spectasse:
1135 707 1219 753 sed
1244 706 1324 753 illa

157 789 345 850 Redde,
372 807 478 854 age,
505 808 609 853 quae
635 791 864 853 deinceps
888 791 1050 838 risisti.

747 887 1036 915 FUNDANIUS·

1141 945 1365 992 Vibidius
1389 945 1504 992 dum

155 1027 348 1078 Quaerit
372 1029 431 1075 de
455 1029 618 1091 pueris
643 1045 758 1076 num
783 1030 843 1076 sit
866 1046 1051 1092 quoque
1076 1029 1228 1076 fracta
1249 1030 1434 1092 lagena,

155 1111 303 1163 Quod
329 1113 418 1159 sibi
444 1114 661 1175 poscenti
686 1131 782 1161 non
808 1115 980 1161 dentur
1004 1114 1208 1177 pocula3
1245 1115 1454 1176 dumque

156 1196 365 1243 Ridetur
391 1197 515 1243 fictis
540 1214 713 1257 rerum,
752 1198 1005 1244 Balatrone
1030 1198 1274 1257 secund03

156 1279 206 1326 N
210 1280 438 1340 asidiene,
465 1281 593 1327 redis
616 1290 809 1328 mutatae
835 1282 1016 1341 frontis,
1043 1291 1095 1329 ut
1120 1290 1220 1329 arte

156 1362 514 1411 Emendaturus
540 1365 777 1412 fortunam
798 1383 808 1423 ;
849 1366 1023 1412 deinde
1049 1365 1238 1427 sequuti

157 1446 453 1494 Mazonomo
476 1449 611 1510 pueri
636 1465 810 1511 magno
835 1450 1075 1511 discerpta
1099 1450 1306 1496 ferentes

158 1531 382 1578 Membra
405 1532 551 1594 gruis,
578 1533 728 1595 sparsi
753 1533 850 1579 sale
875 1533 1041 1589 multo,
1067 1550 1164 1580 non
1189 1534 1293 1580 sine
1319 1533 1457 1590 farre,

155 1614 424 1678 Pinguibus
443 1625 491 1662 et
515 1616 619 1664 ficis
642 1625 830 1679 pastum
851 1618 987 1680 jecur
1012 1617 1194 1664 anseris
1220 1617 1314 1664 albi
1334 1635 1345 1676 3

154 1698 218 1745 Et
242 1699 457 1762 leporum
483 1701 682 1760 avulSOS,
708 1710 760 1748 ut
784 1700 931 1748 multo
965 1702 1169 1761 suavius,
1196 1718 1367 1758 armos,

153 1781 320 1833 Quam
345 1784 385 1830 si
410 1800 520 1830 cum
544 1785 719 1831 lumbis
744 1785 848 1847 quis
873 1786 998 1833 edit:
1035 1794 1136 1833 tum
1160 1795 1353 1848 pectore
1378 1787 1547 1834 adusto

155 1865 378 1912 Vidimus
403 1875 450 1915 et
473 1869 679 1915 merulas
702 1870 830 1931 poni,
856 1878 904 1917 et
928 1869 1031 1916 sine
1057 1870 1199 1916 clune
1234 1870 1498 1932 palumbes.

157 1949 342 1995 Suaves
367 1966 456 2009 res,
483 1951 522 1997 si
547 1968 643 1998 non
669 1969 838 2000 causas
862 1962 1076 2000 narraret
1100 1969 1264 1999 earum
1288 1962 1336 1999 et

154 2031 366 2078 Naturas
390 2033 610 2080 dominus
632 2051 642 2079 :
680 2051 821 2095 quem
847 2052 933 2081 nos
957 2036 1026 2082 sic
1048 2036 1256 2097 fugimus
1282 2036 1382 2092 ulti,

154 2114 218 2162 Ut
242 2116 360 2162 nihil
385 2117 580 2164 omnino
604 2131 920 2180 gustaremus,
946 2119 1074 2166 velut
1097 2120 1189 2166 illis

153 2199 360 2248 Canidia
385 2201 606 2258 afflasset,
631 2203 762 2266 pejor
788 2203 1090 2266 serpentibus
1116 2204 1261 2252 Afris.

610 2718 701 2766 16*

1638 942 1704 991 80

1638 1364 1705 1412 85

1637 1786 1703 1834 90

1631 2207 1697 2254 95
