<?xml version="1.0" encoding="UTF-8"?>
<!DOCTYPE html PUBLIC "-//W3C//DTD XHTML 1.0 Transitional//EN"
    "http://www.w3.org/TR/xhtml1/DTD/xhtml1-transitional.dtd">
<html xmlns="http://www.w3.org/1999/xhtml" xml:lang="en" lang="en">
 <head>
  <title>
</title>
<meta http-equiv="Content-Type" content="text/html;charset=utf-8" />
  <meta name='ocr-system' content='tesseract 3.04.00' />
  <meta name='ocr-capabilities' content='ocr_page ocr_carea ocr_par ocr_line ocrx_word'/>
</head>
<body>
  <div class='ocr_page' id='page_1' title='image "./quintihoratiifla1928hora_0116.png"; bbox 0 0 1894 3188; ppageno 0'>
   <div class='ocr_carea' id='block_1_1' title="bbox 146 114 245 165">
    <p class='ocr_par' dir='ltr' id='par_1_1' title="bbox 146 114 245 165">
     <span class='ocr_line' id='line_1_1' title="bbox 146 114 245 165; baseline 0 -1"><span class='ocrx_word' id='word_1_1' title='bbox 146 114 245 165; x_wconf 84' lang='lat'><strong>106</strong></span> 
     </span>
    </p>
   </div>
   <div class='ocr_carea' id='block_1_2' title="bbox 681 112 1233 159">
    <p class='ocr_par' dir='ltr' id='par_1_2' title="bbox 681 112 1233 159">
     <span class='ocr_line' id='line_1_2' title="bbox 681 112 1233 159; baseline 0.004 -9"><span class='ocrx_word' id='word_1_2' title='bbox 681 112 730 159; x_wconf 84' lang='lat' dir='ltr'><strong>Q.</strong></span> <span class='ocrx_word' id='word_1_3' title='bbox 759 112 999 152; x_wconf 89' lang='lat' dir='ltr'><strong>HORATII</strong></span> <span class='ocrx_word' id='word_1_4' title='bbox 1027 113 1233 153; x_wconf 90' lang='lat' dir='ltr'><strong>FLACCl</strong></span> 
     </span>
    </p>
   </div>
   <div class='ocr_carea' id='block_1_3' title="bbox 394 236 1593 3075">
    <p class='ocr_par' dir='ltr' id='par_1_3' title="bbox 394 236 1593 3075">
     <span class='ocr_line' id='line_1_3' title="bbox 405 236 1476 303; baseline 0.002 -16"><span class='ocrx_word' id='word_1_5' title='bbox 405 236 575 287; x_wconf 86' lang='lat' dir='ltr'><strong>Nardo</strong></span> <span class='ocrx_word' id='word_1_6' title='bbox 597 246 901 303; x_wconf 88' lang='lat' dir='ltr'><strong>perunctum,</strong></span> <span class='ocrx_word' id='word_1_7' title='bbox 927 239 1065 301; x_wconf 88' lang='lat' dir='ltr'><strong>quale</strong></span> <span class='ocrx_word' id='word_1_8' title='bbox 1091 257 1187 287; x_wconf 90' lang='lat' dir='ltr'><strong>non</strong></span> <span class='ocrx_word' id='word_1_9' title='bbox 1214 239 1476 302; x_wconf 87' lang='lat' dir='ltr'><strong>perfectius</strong></span> 
     </span>
     <span class='ocr_line' id='line_1_4' title="bbox 672 321 1292 372; baseline 0.003 -4"><span class='ocrx_word' id='word_1_10' title='bbox 672 321 797 369; x_wconf 85' lang='lat' dir='ltr'><strong>Meae</strong></span> <span class='ocrx_word' id='word_1_11' title='bbox 822 322 1082 370; x_wconf 69' lang='lat' dir='ltr'><strong>laborarint</strong></span> <span class='ocrx_word' id='word_1_12' title='bbox 1106 340 1292 372; x_wconf 85' lang='lat' dir='ltr'><strong>manus.</strong></span> 
     </span>
     <span class='ocr_line' id='line_1_5' title="bbox 405 405 1454 459; baseline 0.002 -4"><span class='ocrx_word' id='word_1_13' title='bbox 405 405 544 459; x_wconf 79' lang='lat' dir='ltr'><strong>Quid</strong></span> <span class='ocrx_word' id='word_1_14' title='bbox 568 407 780 455; x_wconf 67' lang='lat' dir='ltr'><strong>accidit?</strong></span> <span class='ocrx_word' id='word_1_15' title='bbox 818 423 904 454; x_wconf 90' lang='lat' dir='ltr'><strong>cur</strong></span> <span class='ocrx_word' id='word_1_16' title='bbox 929 408 1032 454; x_wconf 87' lang='lat' dir='ltr'><strong>dira</strong></span> <span class='ocrx_word' id='word_1_17' title='bbox 1056 409 1267 456; x_wconf 78' lang='lat' dir='ltr'><strong>barbarae</strong></span> <span class='ocrx_word' id='word_1_18' title='bbox 1293 407 1454 458; x_wconf 74' lang='lat' dir='ltr'><strong>minus</strong></span> 
     </span>
     <span class='ocr_line' id='line_1_6' title="bbox 673 491 1291 552; baseline 0.002 -13"><span class='ocrx_word' id='word_1_19' title='bbox 673 491 879 539; x_wconf 86' lang='lat' dir='ltr'><strong>Venena</strong></span> <span class='ocrx_word' id='word_1_20' title='bbox 902 492 1093 540; x_wconf 80' lang='lat' dir='ltr'><strong>Medeae</strong></span> <span class='ocrx_word' id='word_1_21' title='bbox 1119 494 1291 552; x_wconf 87' lang='lat' dir='ltr'><strong>valent,</strong></span> 
     </span>
     <span class='ocr_line' id='line_1_7' title="bbox 404 574 1411 640; baseline 0.002 -17"><span class='ocrx_word' id='word_1_22' title='bbox 404 574 601 628; x_wconf 78' lang='lat' dir='ltr'><strong>Quibus</strong></span> <span class='ocrx_word' id='word_1_23' title='bbox 625 577 878 638; x_wconf 81' lang='lat' dir='ltr'>superbam</span> <span class='ocrx_word' id='word_1_24' title='bbox 905 577 1027 640; x_wconf 83' lang='lat' dir='ltr'><strong>fugit</strong></span> <span class='ocrx_word' id='word_1_25' title='bbox 1050 577 1148 625; x_wconf 87' lang='lat' dir='ltr'><strong>ulta</strong></span> <span class='ocrx_word' id='word_1_26' title='bbox 1173 577 1411 640; x_wconf 82' lang='lat' dir='ltr'><strong>pellicem,</strong></span> 
     </span>
     <span class='ocr_line' id='line_1_8' title="bbox 646 659 1280 724; baseline 0.002 -17"><span class='ocrx_word' id='word_1_27' title='bbox 646 659 649 665; x_wconf 89' lang='grc'><strong>’</strong></span> <span class='ocrx_word' id='word_1_28' title='bbox 672 659 842 724; x_wconf 82' lang='lat' dir='ltr'>Magni</span> <span class='ocrx_word' id='word_1_29' title='bbox 869 661 1092 709; x_wconf 75' lang='lat' dir='ltr'>Creontis</span> <span class='ocrx_word' id='word_1_30' title='bbox 1117 662 1280 718; x_wconf 87' lang='lat' dir='ltr'><strong>filiam,</strong></span> 
     </span>
     <span class='ocr_line' id='line_1_9' title="bbox 404 743 1555 808; baseline -0.001 -13"><span class='ocrx_word' id='word_1_31' title='bbox 404 743 575 796; x_wconf 77' lang='lat' dir='ltr'><strong>Quum</strong></span> <span class='ocrx_word' id='word_1_32' title='bbox 597 745 740 808; x_wconf 83' lang='lat' dir='ltr'><strong>palla,</strong></span> <span class='ocrx_word' id='word_1_33' title='bbox 766 745 877 792; x_wconf 87' lang='lat' dir='ltr'><strong>tabo</strong></span> <span class='ocrx_word' id='word_1_34' title='bbox 901 762 1077 793; x_wconf 88' lang='lat' dir='ltr'><strong>munus</strong></span> <span class='ocrx_word' id='word_1_35' title='bbox 1103 746 1357 802; x_wconf 86' lang='lat' dir='ltr'><strong>imbutum,</strong></span> <span class='ocrx_word' id='word_1_36' title='bbox 1383 761 1555 794; x_wconf 83' lang='lat' dir='ltr'><strong>novam</strong></span> 
     </span>
     <span class='ocr_line' id='line_1_10' title="bbox 670 829 1393 893; baseline 0.003 -17"><span class='ocrx_word' id='word_1_37' title='bbox 670 829 908 877; x_wconf 86' lang='lat' dir='ltr'><strong>Incendio</strong></span> <span class='ocrx_word' id='word_1_38' title='bbox 933 840 1132 893; x_wconf 85' lang='lat' dir='ltr'><strong>nuptam</strong></span> <span class='ocrx_word' id='word_1_39' title='bbox 1158 831 1353 878; x_wconf 85' lang='lat' dir='ltr'><strong>abstulit</strong></span> <span class='ocrx_word' id='word_1_40' title='bbox 1374 832 1393 878; x_wconf 69' lang='grc' dir='ltr'><strong>’ἔ</strong></span> 
     </span>
     <span class='ocr_line' id='line_1_11' title="bbox 404 912 1424 978; baseline 0.004 -19"><span class='ocrx_word' id='word_1_41' title='bbox 404 912 556 976; x_wconf 92' lang='lat' dir='ltr'><strong>Atqui</strong></span> <span class='ocrx_word' id='word_1_42' title='bbox 579 928 672 960; x_wconf 91' lang='lat' dir='ltr'><strong>nec</strong></span> <span class='ocrx_word' id='word_1_43' title='bbox 697 914 846 960; x_wconf 87' lang='lat' dir='ltr'><strong>herba</strong></span> <span class='ocrx_word' id='word_1_44' title='bbox 869 931 963 961; x_wconf 86' lang='lat' dir='ltr'><strong>nec</strong></span> <span class='ocrx_word' id='word_1_45' title='bbox 987 915 1142 961; x_wconf 86' lang='lat' dir='ltr'><strong>latens</strong></span> <span class='ocrx_word' id='word_1_46' title='bbox 1167 915 1216 961; x_wconf 92' lang='lat' dir='ltr'><strong>in</strong></span> <span class='ocrx_word' id='word_1_47' title='bbox 1243 914 1424 978; x_wconf 85' lang='lat' dir='ltr'><strong>asperis</strong></span> 
     </span>
     <span class='ocr_line' id='line_1_12' title="bbox 668 996 1285 1046; baseline 0.005 -4"><span class='ocrx_word' id='word_1_48' title='bbox 668 996 832 1043; x_wconf 83' lang='lat' dir='ltr'><strong>Radix</strong></span> <span class='ocrx_word' id='word_1_49' title='bbox 857 997 1024 1044; x_wconf 88' lang='lat' dir='ltr'><strong>fefellit</strong></span> <span class='ocrx_word' id='word_1_50' title='bbox 1049 1015 1125 1045; x_wconf 90' lang='lat' dir='ltr'><strong>me</strong></span> <span class='ocrx_word' id='word_1_51' title='bbox 1150 999 1285 1046; x_wconf 91' lang='lat' dir='ltr'><strong>locis.</strong></span> 
     </span>
     <span class='ocr_line' id='line_1_13' title="bbox 405 1080 1335 1131; baseline 0.002 -3"><span class='ocrx_word' id='word_1_52' title='bbox 405 1080 643 1129; x_wconf 86' lang='lat' dir='ltr'><strong>Indormit</strong></span> <span class='ocrx_word' id='word_1_53' title='bbox 667 1081 827 1127; x_wconf 88' lang='lat' dir='ltr'><strong>unctis</strong></span> <span class='ocrx_word' id='word_1_54' title='bbox 850 1081 1067 1128; x_wconf 89' lang='lat' dir='ltr'><strong>omnium</strong></span> <span class='ocrx_word' id='word_1_55' title='bbox 1094 1083 1335 1131; x_wconf 87' lang='lat' dir='ltr'><strong>cubilibus</strong></span> 
     </span>
     <span class='ocr_line' id='line_1_14' title="bbox 666 1164 1192 1227; baseline 0.002 -15"><span class='ocrx_word' id='word_1_56' title='bbox 666 1164 923 1212; x_wconf 87' lang='lat' dir='ltr'><strong>Oblivione</strong></span> <span class='ocrx_word' id='word_1_57' title='bbox 948 1165 1192 1227; x_wconf 80' lang='lat' dir='ltr'><strong>pellicum.</strong></span> 
     </span>
     <span class='ocr_line' id='line_1_15' title="bbox 403 1246 1349 1299; baseline 0.001 -1"><span class='ocrx_word' id='word_1_58' title='bbox 403 1247 513 1298; x_wconf 87' lang='lat' dir='ltr'><strong>Ah!</strong></span> <span class='ocrx_word' id='word_1_59' title='bbox 551 1246 640 1296; x_wconf 86' lang='lat' dir='ltr'><strong>ah!</strong></span> <span class='ocrx_word' id='word_1_60' title='bbox 679 1249 860 1296; x_wconf 87' lang='lat' dir='ltr'><strong>solutus</strong></span> <span class='ocrx_word' id='word_1_61' title='bbox 886 1249 1099 1297; x_wconf 87' lang='lat' dir='ltr'><strong>ambulat</strong></span> <span class='ocrx_word' id='word_1_62' title='bbox 1123 1251 1349 1299; x_wconf 81' lang='lat' dir='ltr'><strong>veneficae</strong></span> 
     </span>
     <span class='ocr_line' id='line_1_16' title="bbox 667 1333 1208 1382; baseline 0 0"><span class='ocrx_word' id='word_1_63' title='bbox 667 1333 951 1382; x_wconf 84' lang='lat' dir='ltr'><strong>Scientioris</strong></span> <span class='ocrx_word' id='word_1_64' title='bbox 977 1335 1208 1382; x_wconf 83' lang='lat' dir='ltr'><strong>carmine.</strong></span> 
     </span>
     <span class='ocr_line' id='line_1_17' title="bbox 404 1418 1233 1482; baseline -0.004 -12"><span class='ocrx_word' id='word_1_65' title='bbox 404 1419 517 1470; x_wconf 92' lang='lat' dir='ltr'><strong>Non</strong></span> <span class='ocrx_word' id='word_1_66' title='bbox 543 1418 746 1478; x_wconf 85' lang='lat' dir='ltr'><strong>usitatis,</strong></span> <span class='ocrx_word' id='word_1_67' title='bbox 773 1419 916 1478; x_wconf 85' lang='lat' dir='ltr'><strong>Vare‚</strong></span> <span class='ocrx_word' id='word_1_68' title='bbox 943 1420 1233 1482; x_wconf 88' lang='lat' dir='ltr'><strong>potionibus,</strong></span> 
     </span>
     <span class='ocr_line' id='line_1_18' title="bbox 641 1502 1330 1567; baseline 0 -16"><span class='ocrx_word' id='word_1_69' title='bbox 641 1503 714 1559; x_wconf 60' lang='lat' dir='ltr'><strong>⁴&gt;O</strong></span> <span class='ocrx_word' id='word_1_70' title='bbox 738 1502 888 1550; x_wconf 85' lang='lat' dir='ltr'><strong>multa</strong></span> <span class='ocrx_word' id='word_1_71' title='bbox 910 1502 1132 1551; x_wconf 89' lang='lat' dir='ltr'><strong>fleturum</strong></span> <span class='ocrx_word' id='word_1_72' title='bbox 1158 1503 1330 1567; x_wconf 87' lang='lat' dir='ltr'><strong>caput!</strong></span> 
     </span>
     <span class='ocr_line' id='line_1_19' title="bbox 403 1589 1452 1645; baseline 0 -7"><span class='ocrx_word' id='word_1_73' title='bbox 403 1589 483 1638; x_wconf 93' lang='lat' dir='ltr'><strong>Ad</strong></span> <span class='ocrx_word' id='word_1_74' title='bbox 507 1604 585 1637; x_wconf 89' lang='lat' dir='ltr'><strong>me</strong></span> <span class='ocrx_word' id='word_1_75' title='bbox 609 1604 828 1638; x_wconf 84' lang='lat' dir='ltr'><strong>recurres</strong></span> <span class='ocrx_word' id='word_1_76' title='bbox 849 1604 861 1645; x_wconf 86' lang='lat'>3</span> <span class='ocrx_word' id='word_1_77' title='bbox 899 1604 991 1636; x_wconf 89' lang='lat' dir='ltr'><strong>nec</strong></span> <span class='ocrx_word' id='word_1_78' title='bbox 1015 1598 1183 1636; x_wconf 84' lang='lat' dir='ltr'><strong>vocata</strong></span> <span class='ocrx_word' id='word_1_79' title='bbox 1207 1605 1346 1637; x_wconf 92' lang='lat' dir='ltr'><strong>mens</strong></span> <span class='ocrx_word' id='word_1_80' title='bbox 1369 1597 1452 1638; x_wconf 86' lang='lat' dir='ltr'><strong>tua</strong></span> 
     </span>
     <span class='ocr_line' id='line_1_20' title="bbox 667 1672 1275 1721; baseline -0.002 0"><span class='ocrx_word' id='word_1_81' title='bbox 667 1672 841 1721; x_wconf 87' lang='lat' dir='ltr'><strong>Marsis</strong></span> <span class='ocrx_word' id='word_1_82' title='bbox 865 1673 1039 1720; x_wconf 87' lang='lat' dir='ltr'><strong>redibit</strong></span> <span class='ocrx_word' id='word_1_83' title='bbox 1062 1673 1275 1721; x_wconf 89' lang='lat' dir='ltr'><strong>vocibus.</strong></span> 
     </span>
     <span class='ocr_line' id='line_1_21' title="bbox 403 1757 1357 1824; baseline -0.001 -17"><span class='ocrx_word' id='word_1_84' title='bbox 403 1757 566 1824; x_wconf 87' lang='lat' dir='ltr'><strong>Majus</strong></span> <span class='ocrx_word' id='word_1_85' title='bbox 588 1759 780 1823; x_wconf 79' lang='lat' dir='ltr'><strong>parabo,</strong></span> <span class='ocrx_word' id='word_1_86' title='bbox 809 1758 961 1822; x_wconf 88' lang='lat' dir='ltr'><strong>majus</strong></span> <span class='ocrx_word' id='word_1_87' title='bbox 986 1758 1234 1806; x_wconf 89' lang='lat' dir='ltr'><strong>infundam</strong></span> <span class='ocrx_word' id='word_1_88' title='bbox 1270 1758 1357 1807; x_wconf 93' lang='lat' dir='ltr'><strong>tibi</strong></span> 
     </span>
     <span class='ocr_line' id='line_1_22' title="bbox 669 1843 1221 1905; baseline -0.004 -14"><span class='ocrx_word' id='word_1_89' title='bbox 669 1843 956 1891; x_wconf 82' lang='lat' dir='ltr'><strong>Fastidienti</strong></span> <span class='ocrx_word' id='word_1_90' title='bbox 980 1843 1221 1905; x_wconf 88' lang='lat' dir='ltr'><strong>poculum.</strong></span> 
     </span>
     <span class='ocr_line' id='line_1_23' title="bbox 402 1925 1378 1991; baseline -0.002 -15"><span class='ocrx_word' id='word_1_91' title='bbox 402 1925 640 1991; x_wconf 75' lang='lat' dir='ltr'><strong>Priusque</strong></span> <span class='ocrx_word' id='word_1_92' title='bbox 665 1927 846 1975; x_wconf 84' lang='lat' dir='ltr'><strong>coelum</strong></span> <span class='ocrx_word' id='word_1_93' title='bbox 870 1927 994 1974; x_wconf 88' lang='lat' dir='ltr'><strong>sidet</strong></span> <span class='ocrx_word' id='word_1_94' title='bbox 1018 1927 1217 1974; x_wconf 88' lang='lat' dir='ltr'><strong>inferius</strong></span> <span class='ocrx_word' id='word_1_95' title='bbox 1242 1926 1378 1984; x_wconf 81' lang='lat' dir='ltr'><strong>mari,</strong></span> 
     </span>
     <span class='ocr_line' id='line_1_24' title="bbox 666 2010 1294 2075; baseline 0 -17"><span class='ocrx_word' id='word_1_96' title='bbox 666 2010 865 2064; x_wconf 88' lang='lat' dir='ltr'><strong>Tellure</strong></span> <span class='ocrx_word' id='word_1_97' title='bbox 890 2012 1110 2074; x_wconf 77' lang='lat' dir='ltr'><strong>porrecta</strong></span> <span class='ocrx_word' id='word_1_98' title='bbox 1135 2027 1294 2075; x_wconf 87' lang='lat' dir='ltr'><strong>super,</strong></span> 
     </span>
     <span class='ocr_line' id='line_1_25' title="bbox 399 2093 1406 2159; baseline -0.004 -13"><span class='ocrx_word' id='word_1_99' title='bbox 399 2093 567 2148; x_wconf 61' lang='lat' dir='ltr'><strong>Quam</strong></span> <span class='ocrx_word' id='word_1_100' title='bbox 590 2111 688 2143; x_wconf 88' lang='lat' dir='ltr'><strong>non</strong></span> <span class='ocrx_word' id='word_1_101' title='bbox 713 2112 873 2143; x_wconf 89' lang='lat' dir='ltr'><strong>amore</strong></span> <span class='ocrx_word' id='word_1_102' title='bbox 899 2095 968 2142; x_wconf 91' lang='lat' dir='ltr'><strong>sic</strong></span> <span class='ocrx_word' id='word_1_103' title='bbox 993 2112 1100 2143; x_wconf 91' lang='lat' dir='ltr'><strong>meo</strong></span> <span class='ocrx_word' id='word_1_104' title='bbox 1125 2095 1311 2159; x_wconf 79' lang='lat' dir='ltr'><strong>flagres,</strong></span> <span class='ocrx_word' id='word_1_105' title='bbox 1337 2093 1406 2143; x_wconf 76' lang='lat' dir='ltr'><strong>uti</strong></span> 
     </span>
     <span class='ocr_line' id='line_1_26' title="bbox 663 2179 1298 2243; baseline -0.002 -15"><span class='ocrx_word' id='word_1_106' title='bbox 663 2179 890 2228; x_wconf 91' lang='lat' dir='ltr'><strong>Bitumen</strong></span> <span class='ocrx_word' id='word_1_107' title='bbox 917 2180 1030 2227; x_wconf 85' lang='lat' dir='ltr'><strong>atris</strong></span> <span class='ocrx_word' id='word_1_108' title='bbox 1056 2180 1298 2243; x_wconf 69' lang='lat' dir='ltr'><strong>ignibus”</strong></span> 
     </span>
     <span class='ocr_line' id='line_1_27' title="bbox 401 2262 1518 2328; baseline -0.001 -16"><span class='ocrx_word' id='word_1_109' title='bbox 401 2264 504 2312; x_wconf 85' lang='lat' dir='ltr'><strong>Sub</strong></span> <span class='ocrx_word' id='word_1_110' title='bbox 528 2264 633 2312; x_wconf 86' lang='lat' dir='ltr'><strong>haec</strong></span> <span class='ocrx_word' id='word_1_111' title='bbox 656 2281 775 2328; x_wconf 89' lang='lat' dir='ltr'><strong>puer</strong></span> <span class='ocrx_word' id='word_1_112' title='bbox 795 2265 894 2328; x_wconf 84' lang='lat' dir='ltr'><strong>jam</strong></span> <span class='ocrx_word' id='word_1_113' title='bbox 920 2281 1034 2320; x_wconf 90' lang='lat' dir='ltr'><strong>non,</strong></span> <span class='ocrx_word' id='word_1_114' title='bbox 1062 2273 1115 2311; x_wconf 90' lang='lat' dir='ltr'><strong>ut</strong></span> <span class='ocrx_word' id='word_1_115' title='bbox 1140 2263 1269 2321; x_wconf 73' lang='lat' dir='ltr'><strong>ante,</strong></span> <span class='ocrx_word' id='word_1_116' title='bbox 1295 2262 1518 2313; x_wconf 90' lang='lat' dir='ltr'><strong>mollibus</strong></span> 
     </span>
     <span class='ocr_line' id='line_1_28' title="bbox 662 2348 1250 2411; baseline 0 -15"><span class='ocrx_word' id='word_1_117' title='bbox 662 2348 838 2396; x_wconf 91' lang='lat' dir='ltr'><strong>Lenire</strong></span> <span class='ocrx_word' id='word_1_118' title='bbox 865 2349 1020 2396; x_wconf 85' lang='lat' dir='ltr'><strong>verbis</strong></span> <span class='ocrx_word' id='word_1_119' title='bbox 1046 2348 1216 2411; x_wconf 84' lang='lat' dir='ltr'><strong>impias</strong></span> <span class='ocrx_word' id='word_1_120' title='bbox 1238 2365 1250 2405; x_wconf 85' lang='lat'>3</span> 
     </span>
     <span class='ocr_line' id='line_1_29' title="bbox 401 2430 1415 2495; baseline -0.001 -15"><span class='ocrx_word' id='word_1_121' title='bbox 401 2431 517 2488; x_wconf 86' lang='lat' dir='ltr'><strong>Sed,</strong></span> <span class='ocrx_word' id='word_1_122' title='bbox 543 2432 717 2479; x_wconf 92' lang='lat' dir='ltr'><strong>dubius</strong></span> <span class='ocrx_word' id='word_1_123' title='bbox 741 2433 871 2479; x_wconf 94' lang='lat' dir='ltr'><strong>unde</strong></span> <span class='ocrx_word' id='word_1_124' title='bbox 891 2441 1133 2495; x_wconf 86' lang='lat' dir='ltr'><strong>rumperet</strong></span> <span class='ocrx_word' id='word_1_125' title='bbox 1157 2430 1415 2491; x_wconf 87' lang='lat' dir='ltr'><strong>silentium,</strong></span> 
     </span>
     <span class='ocr_line' id='line_1_30' title="bbox 663 2517 1318 2579; baseline -0.003 -15"><span class='ocrx_word' id='word_1_126' title='bbox 663 2517 803 2564; x_wconf 88' lang='lat' dir='ltr'><strong>Misit</strong></span> <span class='ocrx_word' id='word_1_127' title='bbox 827 2517 1098 2578; x_wconf 84' lang='lat' dir='ltr'><strong>Thyesteas</strong></span> <span class='ocrx_word' id='word_1_128' title='bbox 1121 2531 1318 2579; x_wconf 88' lang='lat' dir='ltr'><strong>preces:</strong></span> 
     </span>
     <span class='ocr_line' id='line_1_31' title="bbox 398 2599 1593 2663; baseline -0.001 -15"><span class='ocrx_word' id='word_1_129' title='bbox 398 2604 426 2625; x_wconf 91' lang='lat'>“</span> <span class='ocrx_word' id='word_1_130' title='bbox 446 2600 667 2660; x_wconf 86' lang='lat' dir='ltr'><strong>Venena,</strong></span> <span class='ocrx_word' id='word_1_131' title='bbox 695 2616 923 2663; x_wconf 81' lang='lat' dir='ltr'><strong>magnum</strong></span> <span class='ocrx_word' id='word_1_132' title='bbox 950 2601 1019 2647; x_wconf 84' lang='lat' dir='ltr'><strong>fas</strong></span> <span class='ocrx_word' id='word_1_133' title='bbox 1043 2600 1284 2662; x_wconf 83' lang='lat' dir='ltr'><strong>nefasque,</strong></span> <span class='ocrx_word' id='word_1_134' title='bbox 1311 2615 1409 2647; x_wconf 89' lang='lat' dir='ltr'><strong>non</strong></span> <span class='ocrx_word' id='word_1_135' title='bbox 1433 2599 1593 2648; x_wconf 87' lang='lat' dir='ltr'><strong>valent</strong></span> 
     </span>
     <span class='ocr_line' id='line_1_32' title="bbox 663 2684 1437 2732; baseline 0 0"><span class='ocrx_word' id='word_1_136' title='bbox 663 2685 956 2732; x_wconf 88' lang='lat' dir='ltr'><strong>Convertere</strong></span> <span class='ocrx_word' id='word_1_137' title='bbox 983 2685 1241 2731; x_wconf 86' lang='lat' dir='ltr'><strong>humanam</strong></span> <span class='ocrx_word' id='word_1_138' title='bbox 1266 2684 1437 2732; x_wconf 85' lang='lat' dir='ltr'><strong>vicem.</strong></span> 
     </span>
     <span class='ocr_line' id='line_1_33' title="bbox 395 2767 1252 2833; baseline -0.001 -17"><span class='ocrx_word' id='word_1_139' title='bbox 395 2767 528 2816; x_wconf 90' lang='lat' dir='ltr'><strong>Diris</strong></span> <span class='ocrx_word' id='word_1_140' title='bbox 553 2785 692 2833; x_wconf 84' lang='lat' dir='ltr'><strong>agam</strong></span> <span class='ocrx_word' id='word_1_141' title='bbox 718 2785 799 2816; x_wconf 91' lang='lat' dir='ltr'><strong>vos</strong></span> <span class='ocrx_word' id='word_1_142' title='bbox 821 2785 831 2814; x_wconf 91' lang='lat'>:</span> <span class='ocrx_word' id='word_1_143' title='bbox 869 2769 972 2815; x_wconf 85' lang='lat' dir='ltr'><strong>dira</strong></span> <span class='ocrx_word' id='word_1_144' title='bbox 1000 2768 1252 2815; x_wconf 87' lang='lat' dir='ltr'><strong>detestatio</strong></span> 
     </span>
     <span class='ocr_line' id='line_1_34' title="bbox 663 2851 1285 2914; baseline -0.003 -15"><span class='ocrx_word' id='word_1_145' title='bbox 663 2853 713 2900; x_wconf 95' lang='lat' dir='ltr'>N</span> <span class='ocrx_word' id='word_1_146' title='bbox 719 2853 814 2899; x_wconf 71' lang='lat' dir='ltr'><strong>ulla</strong></span> <span class='ocrx_word' id='word_1_147' title='bbox 838 2851 1055 2914; x_wconf 86' lang='lat' dir='ltr'><strong>expiatur</strong></span> <span class='ocrx_word' id='word_1_148' title='bbox 1075 2851 1285 2898; x_wconf 70' lang='lat' dir='ltr'><strong>victima.</strong></span> 
     </span>
     <span class='ocr_line' id='line_1_35' title="bbox 394 2935 1362 2999; baseline -0.002 -15"><span class='ocrx_word' id='word_1_149' title='bbox 394 2935 550 2993; x_wconf 79' lang='lat' dir='ltr'><strong>Quin,</strong></span> <span class='ocrx_word' id='word_1_150' title='bbox 575 2935 657 2984; x_wconf 94' lang='lat' dir='ltr'><strong>ubi</strong></span> <span class='ocrx_word' id='word_1_151' title='bbox 681 2937 836 2999; x_wconf 89' lang='lat' dir='ltr'><strong>perire</strong></span> <span class='ocrx_word' id='word_1_152' title='bbox 856 2936 1017 2999; x_wconf 88' lang='lat' dir='ltr'><strong>jussus</strong></span> <span class='ocrx_word' id='word_1_153' title='bbox 1042 2935 1362 2998; x_wconf 79' lang='lat' dir='ltr'><strong>exspiravere,</strong></span> 
     </span>
     <span class='ocr_line' id='line_1_36' title="bbox 659 3018 1412 3075; baseline -0.001 -8"><span class='ocrx_word' id='word_1_154' title='bbox 659 3019 942 3068; x_wconf 90' lang='lat' dir='ltr'><strong>Nocturnus</strong></span> <span class='ocrx_word' id='word_1_155' title='bbox 965 3035 1215 3066; x_wconf 87' lang='lat' dir='ltr'><strong>occurram</strong></span> <span class='ocrx_word' id='word_1_156' title='bbox 1241 3018 1412 3075; x_wconf 87' lang='lat' dir='ltr'><strong>Furor,</strong></span> 
     </span>
    </p>
   </div>
   <div class='ocr_carea' id='block_1_4' title="bbox 1690 327 1755 376">
    <p class='ocr_par' dir='ltr' id='par_1_4' title="bbox 1690 327 1755 376">
     <span class='ocr_line' id='line_1_37' title="bbox 1690 327 1755 376; baseline 0.031 -2"><span class='ocrx_word' id='word_1_157' title='bbox 1690 327 1755 376; x_wconf 88' lang='grc'><strong>60</strong></span> 
     </span>
    </p>
   </div>
   <div class='ocr_carea' id='block_1_5' title="bbox 1690 1168 1754 1217">
    <p class='ocr_par' dir='ltr' id='par_1_5' title="bbox 1690 1168 1754 1217">
     <span class='ocr_line' id='line_1_38' title="bbox 1690 1168 1754 1217; baseline 0.016 -1"><span class='ocrx_word' id='word_1_158' title='bbox 1690 1168 1754 1217; x_wconf 87' lang='grc'><strong>70</strong></span> 
     </span>
    </p>
   </div>
   <div class='ocr_carea' id='block_1_6' title="bbox 1688 1591 1753 1640">
    <p class='ocr_par' dir='ltr' id='par_1_6' title="bbox 1688 1591 1753 1640">
     <span class='ocr_line' id='line_1_39' title="bbox 1688 1591 1753 1640; baseline -0.015 0"><span class='ocrx_word' id='word_1_159' title='bbox 1688 1591 1753 1640; x_wconf 84' lang='grc'><strong>75</strong></span> 
     </span>
    </p>
   </div>
   <div class='ocr_carea' id='block_1_7' title="bbox 1686 2011 1752 2060">
    <p class='ocr_par' dir='ltr' id='par_1_7' title="bbox 1686 2011 1752 2060">
     <span class='ocr_line' id='line_1_40' title="bbox 1686 2011 1752 2060; baseline 0 0"><span class='ocrx_word' id='word_1_160' title='bbox 1686 2011 1752 2060; x_wconf 84' lang='grc'><strong>80</strong></span> 
     </span>
    </p>
   </div>
   <div class='ocr_carea' id='block_1_8' title="bbox 1683 2432 1748 2480">
    <p class='ocr_par' dir='ltr' id='par_1_8' title="bbox 1683 2432 1748 2480">
     <span class='ocr_line' id='line_1_41' title="bbox 1683 2432 1748 2480; baseline 0 0"><span class='ocrx_word' id='word_1_161' title='bbox 1683 2432 1748 2480; x_wconf 82' lang='lat'><strong>85</strong></span> 
     </span>
    </p>
   </div>
  </div>
 </body>
</html>
