1894 3188
179 83 288 133 204
713 75 766 122 Q.
794 73 1037 116 HORATII
1064 73 1273 116 FLACCI

247 205 447 255 Fidenis
469 203 633 252 vicus:
668 210 832 250 tamen
857 201 956 250 illic
979 201 1138 250 vivere
1161 201 1332 250 vellem
1348 219 1372 261 ς,

245 289 533 350 Oblitusque
555 302 788 343 meorum,
813 285 1170 334 obliviscendus
1193 295 1241 334 et
1263 287 1375 347 illis,

245 373 529 439 Neptunum
552 371 718 436 procul
743 387 770 419 e
794 372 918 419 terra
942 378 1159 434 spectare
1183 371 1504 419 furentem.-—·
1726 376 1786 424 10

243 458 344 507 Sed
366 473 522 521 neque
544 457 627 520 qui
651 456 817 520 Capua
840 456 1050 504 Romam
1072 455 1206 519 petit,
1231 456 1383 504 imbre
1405 456 1598 520 lutoque

242 544 500 607 Aspersus,
524 541 650 590 volet
673 541 724 590 in
743 542 961 605 caupona
984 541 1142 589 vivere
1162 558 1174 588 ε
1210 557 1317 602 nec,
1342 541 1423 605 qui

241 627 419 692 Frigus
442 626 651 692 collegit,
677 626 841 675 furnos
865 634 914 674 et
936 625 1109 674 balnea
1130 626 1308 687 laudat,

239 712 307 761 Ut
330 712 615 761 fortunatam
637 710 781 775 plene
804 711 1082 775 praestantia
1105 711 1276 758 vitam:

238 796 364 856 Nec,
389 795 428 844 si
452 804 500 844 te
523 795 708 843 validus
726 796 979 860 jactaverit
1001 795 1181 843 Auster
1204 795 1254 842 in
1274 795 1382 855 alto,
1717 798 1778 845 15

239 880 432 929 Idcirco
455 895 626 928 navem
651 888 782 928 trans
806 880 1030 943 AEgaeum
1053 895 1186 926 mare
1209 881 1403 928 vendas.

237 965 477 1015 Incolumi
501 964 703 1014 Rhodos
726 974 776 1012 et
798 964 1035 1028 Mitylene
1058 964 1261 1028 pulchra
1284 964 1412 1026 facit,
1433 965 1559 1029 quod

237 1050 436 1100 Paenula
457 1049 674 1107 solstitio,
699 1058 969 1114 campestre
993 1049 1230 1097 nivalibus
1254 1050 1397 1107 auris,

236 1135 330 1184 Per
354 1135 572 1183 brumam
595 1135 805 1196 Tiberis,
831 1134 1001 1183 Sextili
1025 1150 1190 1182 mense
1214 1134 1448 1183 caminus.

235 1219 367 1269 Dum
389 1220 519 1277 licet,
544 1228 593 1269 et
615 1220 798 1269 vultum
823 1229 978 1268 servat
1002 1220 1218 1268 Fortuna
1241 1220 1522 1285 benignum,
1709 1222 1775 1270 20

233 1305 406 1354 Romae
429 1306 649 1354 laudetur
674 1307 858 1366 SamOS,
883 1314 933 1353 et
955 1305 1119 1362 Chios,
1145 1313 1193 1352 et
1216 1305 1418 1354 Rhodos
1441 1305 1627 1354 absens

232 1390 332 1448 Tu,
356 1407 694 1455 quamcunque
719 1391 839 1439 deus
862 1391 950 1438 tibi
977 1390 1290 1439 fortunaverit
1324 1391 1506 1447 horam,

231 1475 378 1524 Grata
401 1491 536 1523 sume
560 1492 740 1534 manu3
777 1492 874 1523 neu
897 1475 1058 1523 dulcia
1082 1475 1218 1522 differ
1241 1475 1292 1522 in
1312 1492 1504 1534 annum,

228 1558 311 1617 Ut,
335 1574 621 1622 quocunque
645 1560 751 1607 loco
776 1559 938 1616 fueris,
963 1559 1136 1606 vixisse
1161 1559 1366 1607 libenter

228 1642 308 1691 Te
332 1643 498 1691 dicas:
533 1659 645 1691 nam
670 1643 710 1690 si
732 1643 853 1692 ratio
876 1651 924 1691 et
946 1643 1200 1706 prudentia
1223 1659 1379 1701 curas,
1701 1644 1766 1691 25

228 1722 345 1776 Non
368 1727 502 1776 locus
525 1727 662 1775 effusi
685 1726 778 1775 late
803 1727 947 1775 maris
970 1727 1159 1787 arbiter,
1186 1727 1372 1785 aufert3

227 1810 436 1868 Coelum,
461 1827 558 1860 non
583 1812 810 1871 animum,
836 1820 1037 1868 mutant,
1062 1811 1143 1874 qui
1166 1820 1297 1859 trans
1320 1827 1453 1860 mare
1484 1821 1697 1861 currunt.

227 1895 436 1944 Strenua
458 1912 545 1945 nos
568 1905 762 1945 exercet
784 1896 956 1944 inertia
976 1913 988 1942 :
1024 1896 1227 1943 navibus
1249 1904 1390 1959 atque

227 1979 493 2044 Quadrigis
515 1979 720 2044 petimus
745 1980 869 2028 bene
892 1980 1065 2028 vivere.
1134 1979 1283 2031 Quod
1306 1979 1444 2044 petis,
1471 1979 1552 2029 hio
1574 1989 1660 2039 est,

227 2063 316 2112 Est
338 2064 544 2126 Ulubris,
570 2065 758 2114 animus
781 2065 822 2112 si
845 2073 892 2113 te
916 2080 1013 2112 non
1035 2055 1200 2112 deficit
1223 2080 1398 2128 aequus.
1696 2064 1762 2111 30

704 2467 1045 2517 EPISTOLA
1082 2467 1201 2516 XII.

810 2617 876 2650 AD
909 2618 1101 2651 ICCIUM.

220 2733 509 2784 Fauc'mssus
534 2735 759 2799 Agrippae
785 2735 977 2793 Siculis,
1003 2753 1119 2799 quos
1143 2735 1342 2800 colligiS‚
1370 2735 1488 2793 Icci,

218 2819 273 2866 Si
295 2819 424 2866 recte
450 2819 635 2877 frueri8‚
661 2836 758 2867 non
781 2829 853 2867 est
877 2828 929 2867 ut
952 2821 1094 2883 copia
1116 2820 1264 2884 major

217 2902 298 2949 Ab
321 2902 440 2950 Jove
464 2903 638 2952 donari
654 2904 803 2967 possit
827 2903 943 2951 tibi:
976 2905 1087 2952 tolle
1111 2904 1328 2967 querelas
1349 2922 1360 2963 ;

217 2984 404 3049 Pauper
426 2986 557 3035 enim
580 3002 677 3035 non
700 2995 788 3043 est,
813 2986 893 3036 cui
916 3003 1076 3036 rerum
1100 2987 1309 3052 suppetit
1326 3004 1454 3036 usus.
