1894 3188
613 81 929 122 CARMINUM
955 78 1063 121 LIB.
1095 79 1167 118 1v.
1629 79 1693 129 89

221 209 411 257 Damna
433 218 593 256 tamen
617 207 799 254 celeres
822 214 1045 269 reparant
1067 204 1281 252 coelestia
1304 204 1428 252 lunae
1450 219 1462 249 :

615 291 733 351 Nos,
760 292 842 338 ubi
866 291 1134 339 decidimus
1408 296 1416 301 '

218 377 336 430 Quo
360 377 466 442 pius
491 377 689 432 AEneas‚
714 374 808 438 quo
833 376 966 423 dives
991 374 1183 430 TulluS‚
1209 381 1258 421 et
1282 373 1469 427 Ancus,
1631 371 1691 417 15

616 459 776 506 Pulvis
800 468 848 506 et
871 461 1040 507 umbra
1063 473 1244 505 sumus.

220 545 348 596 Quis
372 544 462 592 scit
486 560 550 591 an
574 543 803 606 adjiciant
828 543 1068 590 hodiernae
1093 541 1303 589 crastina
1326 555 1522 588 summae

613 624 856 687 Tempora
881 623 929 671 di
953 624 1149 686 superi?

217 711 410 757 Cuncta
434 725 603 756 manus
627 709 790 756 avidas
815 708 1002 772 fugient
1026 707 1243 766 haeredis,
1269 707 1429 754 amico

612 793 740 845 Quae
765 793 952 840 dederis
978 792 1152 840 animo.
1630 789 1694 836 20

216 877 387 929 Quum
410 878 558 925 semel
581 878 834 934 occideris,
860 886 908 924 et
932 878 991 924 de
1016 885 1063 924 te
1087 874 1339 938 splendida
1362 873 1526 922 Minos

613 962 805 1009 Fecerit
829 962 1037 1017 arbitria,

214 1046 344 1106 Non,
371 1047 629 1109 Torquate,
655 1063 824 1110 genus,
852 1063 948 1093 non
974 1055 1020 1093 te
1046 1045 1286 1104 facundia,
1313 1059 1410 1091 non
1447 1052 1494 1091 te

611 1131 855 1177 Restituet
878 1131 1044 1192 pietas,

215 1214 424 1261 Infernis
449 1230 604 1276 neque
629 1214 758 1270 enim
783 1214 993 1260 tenebris
1018 1213 1181 1260 Diana
1202 1213 1433 1276 pudicum
1627 1212 1691 1259 25

609 1298 805 1345 Liberat
830 1298 1144 1360 Hippolytum
1169 1315 1180 1344 z

212 1382 321 1430 Nec
347 1382 544 1429 Lethaea
567 1382 692 1428 valet
717 1381 940 1428 Theseus
965 1381 1248 1444 abrumpere
1273 1397 1386 1428 caro

609 1466 817 1514 Vincula
845 1466 1071 1514 Pirithoo.

733 1872 873 1920 ODE
908 1873 1023 1920 VII.

662 2022 729 2053 AD
765 2022 1108 2053 CENSORINUM.

343 2139 602 2186 DONAREM
625 2147 811 2201 pateras
835 2148 1064 2201 grataque
1089 2142 1382 2198 commodus,

341 2222 624 2278 Censorine,
651 2222 769 2269 meis
795 2239 888 2269 aera
911 2224 1166 2283 sodalibus,

341 2307 584 2354 Donarem
608 2307 833 2370 tripodaS,
858 2309 1053 2370 praemia
1077 2308 1268 2357 fortium

343 2391 596 2438 Graiorum
617 2407 630 2448 3
667 2407 821 2453 neque
841 2400 892 2438 tu
917 2392 1124 2454 pessima
1148 2409 1402 2443 munerum

344 2474 530 2534 Ferres,
557 2475 702 2522 divite
729 2492 804 2522 me
829 2476 1014 2523 scilicet
1039 2477 1213 2524 artium
1651 2484 1684 2529 5

338 2559 478 2610 Quas
502 2569 583 2606 aut
608 2559 887 2607 Parrhasius
909 2561 1118 2623 protulit,
1146 2570 1227 2609 aut
1251 2562 1467 2627 Scopas3

340 2643 438 2690 Hic
462 2660 589 2702 saxo,
615 2643 806 2706 liquidis
830 2644 909 2691 ille
935 2645 1174 2692 coloribus

339 2727 499 2774 Solers
523 2744 654 2775 nunc
679 2728 921 2775 hominem
945 2745 1137 2792 ponere,
1163 2747 1296 2780 nunc
1319 2732 1462 2781 deum
1483 2751 1495 2780 ε

341 2811 438 2858 Sed
462 2827 557 2858 non
577 2812 681 2859 haec
704 2811 821 2858 mihi
847 2812 930 2871 viS,
957 2829 1049 2860 nec
1069 2814 1156 2861 tibi
1180 2814 1348 2864 talium

336 2895 440 2943 Res
463 2904 536 2943 est
560 2905 642 2944 aut
665 2897 852 2944 animus
876 2897 1159 2947 deliciarum
1184 2916 1350 2964 egens.
1617 2904 1679 2951 10

334 2979 528 3028 Gaudes
553 2981 847 3029 carminibus
868 2998 879 3030 :
916 2983 1132 3031 carmina
1153 3000 1406 3048 possumus

525 3063 588 3112 8*
