1894 3188
1244 4 1259 30 4

127 114 231 163 205
656 108 712 154 Qa
734 106 973 147 HORATII
1001 107 1035 146 F
1037 107 1206 147 LACCI

674 298 1016 348 EPISTOLA
1051 300 1199 349 XIII.

659 450 725 481 AD
749 451 934 482 VINIUM
965 450 1210 483 ASELLAM.

199 570 276 619 U'r
300 569 683 633 proficiscentem
708 567 852 614 docui
878 580 923 614 te
948 565 1073 629 saepe
1098 566 1288 630 diuque,

203 655 427 717 Augusto
450 654 621 700 reddes
645 653 834 715 signata
857 652 1111 711 volumina,
1137 653 1269 709 Vini,

202 739 256 786 Si
280 738 476 797 validus,
503 737 545 784 si
567 737 702 784 laetus
726 736 829 795 erit,
856 736 895 782 si
919 736 1124 798 denique
1148 745 1312 798 poscet
1332 753 1346 794 ς

201 822 280 870 Ne
304 821 460 869 studio
483 821 633 868 nostri
655 837 846 884 pecces,
871 821 1127 882 odiumque
1152 821 1325 867 libellis

206 907 414 954 Sedulus
438 906 663 968 importes
686 905 832 967 opera
855 905 1137 951 vehemente
1162 905 1393 951 minister.

206 992 259 1039 Si
283 1000 330 1038 te
356 988 475 1038 forte
500 1006 618 1037 meae
643 990 798 1052 gravis
821 997 927 1036 uret
950 989 1138 1036 sarcina
1162 990 1354 1044 chartasr

205 1076 418 1139 Abjicito
441 1073 612 1138 potiris,
637 1073 778 1136 quam
803 1073 896 1136 quo
922 1074 1130 1136 perferre
1159 1074 1340 1136 juberis

205 1161 422 1208 Clitellas
447 1161 574 1206 ferus
599 1159 851 1222 impingas,
879 1159 1137 1220 Asinaeque
1165 1167 1415 1221 paternum

204 1245 488 1307 Cognomen
512 1254 666 1291 vertas
690 1243 739 1290 in
764 1243 926 1302 risum,
952 1251 1000 1289 et
1025 1243 1184 1289 fabula
1206 1243 1304 1289 fias.

207 1329 403 1376 Viribus
427 1328 573 1375 uteris
597 1344 680 1391 per
705 1328 868 1384 clivos,
896 1326 1107 1386 fiumina,
1132 1327 1294 1374 lamas.

207 1412 372 1459 Victor
397 1412 622 1474 propositi
647 1412 786 1458 simul
812 1428 869 1458 ao
892 1411 1166 1474 perveneris
1189 1411 1317 1469 illue,

208 1497 292 1544 Sic
315 1497 520 1558 positum
545 1496 754 1546 servabis
777 1513 913 1555 onus,
939 1512 1000 1542 ne
1026 1495 1141 1542 forte
1167 1496 1256 1542 sub
1280 1495 1351 1542 ala

209 1580 518 1628 Fasciculum
541 1588 699 1642 portes
722 1579 965 1635 librorum,
991 1588 1044 1625 ut
1067 1579 1274 1625 rusticus
1297 1594 1491 1641 agnum,

208 1664 274 1712 Ut
298 1664 462 1711 vinosa
485 1664 666 1726 glomos
691 1662 873 1709 furtivae
893 1662 1092 1725 Pyrrhia
1115 1663 1250 1721 lanae,

209 1748 274 1796 Ut
299 1764 408 1796 oum
432 1748 604 1810 pileolo
628 1748 780 1794 soleas
804 1747 1005 1794 conviva
1028 1746 1228 1792 tribulis.

213 1832 291 1879 Ne
316 1832 457 1895 vulgo
481 1848 644 1878 narres
667 1839 714 1878 te
739 1831 980 1878 sudavisse
1006 1831 1201 1877 ferendo

213 1917 444 1963 Carmina
465 1933 569 1978 quae
593 1916 774 1978 possint
797 1915 960 1962 oculos
985 1930 1216 1976 auresque
1248 1914 1418 1961 morari

219 2001 451 2048 Caesaris:
487 2009 648 2048 oratus
672 2000 819 2047 multa
842 1983 1001 2061 prece,
1026 1999 1178 2045 nitere
1202 1997 1356 2061 porro.

217 2086 368 2144 Vade,
395 2085 496 2161 vale
518 2102 529 2143 3
567 2101 681 2131 cave
707 2100 767 2131 ne
791 2084 980 2143 titubes,
1008 2083 1324 2144 mandataque
1348 2082 1553 2145 frangas-

879 2321 885 2325 .
899 2319 1202 2324 -„*---..-..—-..-.-

693 2496 1034 2547 EPISTOLA
1069 2498 1208 2545 XIV.

696 2647 762 2679 AD
798 2648 1035 2680 VILLICUM
1060 2648 1210 2679 SUUM.

223 2767 434 2814 Vumcn
459 2766 679 2813 silvarum
702 2774 751 2812 et
774 2765 890 2812 mihi
914 2781 989 2811 me
1013 2765 1256 2812 reddentis
1280 2763 1435 2826 agelli,

223 2850 386 2902 Quem
412 2862 463 2895 tu
487 2849 682 2908 fastidis,
708 2849 972 2896 habitatum
995 2849 1202 2910 quinque
1227 2847 1358 2902 focis,
1379 2856 1427 2893 et

222 2933 454 2994 Quinque
478 2932 626 2979 bonos
649 2932 837 2979 solitum
861 2932 1054 2979 Variam
1080 2931 1316 2978 dimittere
1339 2940 1497 2993 patres
1517 2947 1527 2987 ;

225 3017 494 3071 CertemuS‚
520 3016 679 3078 spinas
704 3016 928 3063 animone
953 3031 1043 3078 ego
1068 3012 1243 3072 fortius,
1270 3031 1329 3060 an
1355 3023 1404 3060 tu

1684 1327 1744 1372 30
