1894 3188
83 118 178 164 110

604 108 657 155 Q.
687 106 932 147 HORATII
968 103 1176 145 FLACCI

753 301 896 349 ODE
928 299 1021 347 IX.

610 454 667 486 IN
703 451 921 484 MAEVIUM
945 450 1168 482 POETAM.
1353 437 1426 584 χιχ

1337 507 1365 536 f

347 572 503 624 MALA
527 572 682 621 soluta
705 569 840 619 navis
865 569 963 616 exit
987 568 1114 625 alite,

611 656 797 705 Ferens
821 653 1032 701 olentem
1058 651 1302 699 Maevium.

348 743 414 792 Ut
439 741 649 792 horridis
672 748 927 801 utrumque
954 737 1173 786 verberes
1195 737 1336 791 latus,

613 825 807 880 Auster,
834 827 1077 867 memento
1101 818 1343 866 fluctibus.

351 911 507 973 Niger
531 908 762 956 rudentes
785 905 961 963 Eurus,
988 903 1177 950 inverso
1201 903 1338 958 mari,

615 991 912 1051 Fractosque
936 1004 1093 1035 remos
1125 987 1329 1035 differat.

353 1079 583 1142 Insurgat
607 1075 803 1137 Aquilo,
828 1081 1036 1136 quantus
1060 1071 1168 1119 altis
1190 1072 1437 1120 montibus

617 1159 824 1223 Frangit
847 1165 1108 1205 trementes
1133 1156 1269 1204 ilices
1290 1174 1301 1203 ε

354 1248 464 1296 Nee
489 1247 622 1294 sidus
648 1246 748 1292 atra
772 1252 915 1291 noete
940 1242 1151 1289 amicum
1177 1250 1423 1306 appareat,

623 1329 740 1380 Qua
764 1327 912 1375 tristis
936 1326 1090 1375 Orion
1114 1326 1271 1373 eadit:

358 1415 615 1468 Quietiora
639 1429 733 1461 nec
759 1412 936 1460 feratur
963 1425 1168 1473 aequore,

624 1495 792 1547 Quam
817 1496 965 1543 Graia
987 1495 1222 1542 victorum
1246 1509 1433 1552 manus,

359 1584 532 1635 Quum
556 1581 715 1629 Pallas
738 1588 846 1627 usto
869 1578 1011 1627 vertit
1035 1578 1154 1624 iram
1179 1577 1239 1624 ab
1265 1576 1356 1624 Ilio

628 1664 689 1711 In
714 1663 911 1726 impiam
936 1662 1105 1725 Ajacis
1128 1669 1295 1708 ratem.

364 1753 410 1799 O
434 1759 641 1814 quantus
665 1749 812 1795 instat
835 1747 1009 1795 navitis
1034 1746 1177 1794 sudor
1205 1746 1316 1803 tuis,

632 1833 845 1895 Tibique
869 1832 1018 1895 pallor
1041 1832 1218 1887 luteus,

367 1922 431 1969 Et
455 1921 535 1969 illa
558 1935 656 1967 non
681 1917 829 1965 virilis
853 1916 1065 1980 ejulatio,

634 2003 812 2050 Preces
836 2011 884 2048 et
909 2015 1127 2047 aversum
1152 1999 1213 2046 ad
1237 1998 1424 2054 Jovem,

373 2091 539 2139 Ionius
562 2089 658 2136 udo
682 2103 829 2150 quum
853 2085 1131 2148 remugiens
1156 2084 1290 2130 sinus

637 2172 769 2220 Noto
793 2170 1007 2217 carinam
1033 2168 1214 2233 ruperit
1236 2167 1246 2213 l

374 2260 551 2323 Opima
575 2255 704 2320 qued
729 2256 768 2303 si
793 2255 954 2317 praeda
977 2270 1123 2301 curvo
1147 2252 1304 2299 littore

644 2340 875 2387 Porreota
898 2354 1086 2400 mergos
1107 2337 1300 2400 juveris,

377 2426 686 2474 Libidinosus
712 2422 1033 2470 immolabitur
1058 2437 1218 2483 caper,

644 2509 708 2556 Et
732 2524 857 2571 agna
880 2505 1291 2568 Tempestatibus.

1653 1325 1713 1371 10

1656 1746 1716 1791 15

1662 2165 1727 2211 20
